@article{Mahmood2015NitrogenatedStructures,
    title = {{Nitrogenated holey two-dimensional structures}},
    year = {2015},
    journal = {Nature Communications},
    author = {Mahmood, Javeed and Lee, Eun Kwang and Jung, Minbok and Shin, Dongbin and Jeon, In-Yup and Jung, Sun-Min and Choi, Hyun-Jung and Seo, Jeong-Min and Bae, Seo-Yoon and Sohn, So-Dam and Park, Noejung and Oh, Joon Hak and Shin, Hyung-Joon and Baek, Jong-Beom},
    pages = {6486},
    volume = {6},
    url = {http://www.nature.com/doifinder/10.1038/ncomms7486},
    isbn = {2041-1723 (Electronic) 2041-1723 (Linking)},
    doi = {10.1038/ncomms7486},
    issn = {2041-1723},
    pmid = {25744355}
}

@article{Iwase2015Copper-ModifiedReduction,
    title = {{Copper-Modified Covalent Triazine Frameworks as Non-Noble-Metal Electrocatalysts for Oxygen Reduction}},
    year = {2015},
    journal = {Angewandte Chemie - International Edition},
    author = {Iwase, Kazuyuki and Yoshioka, Tatsuro and Nakanishi, Shuji and Hashimoto, Kazuhito and Kamiya, Kazuhide},
    number = {38},
    month = {9},
    pages = {11068--11072},
    volume = {54},
    url = {http://www.ncbi.nlm.nih.gov/pubmed/26227987 http://doi.wiley.com/10.1002/anie.201503637},
    isbn = {1521-3773 (Electronic){\textbackslash}r1433-7851 (Linking)},
    doi = {10.1002/anie.201503637},
    issn = {15213773},
    pmid = {26227987},
    keywords = {copper, electrocatalysis, fuel cells, nanostructures, oxygen reduction}
}

@article{Minenkov2015AccuracyComplexes,
    title = {{Accuracy of DLPNO-CCSD(T) Method for Noncovalent Bond Dissociation Enthalpies from Coinage Metal Cation Complexes}},
    year = {2015},
    journal = {Journal of Chemical Theory and Computation},
    author = {Minenkov, Yury and Chermak, Edrisse and Cavallo, Luigi},
    number = {10},
    month = {10},
    pages = {4664--4676},
    volume = {11},
    publisher = {American Chemical Society},
    url = {http://pubs.acs.org/doi/10.1021/acs.jctc.5b00584},
    doi = {10.1021/acs.jctc.5b00584},
    issn = {15499626},
    pmid = {26574257}
}

@article{Kamai2016Oxygen-TolerantReaction,
    title = {{Oxygen-Tolerant Electrodes with Platinum-Loaded Covalent Triazine Frameworks for the Hydrogen Oxidation Reaction}},
    year = {2016},
    journal = {Angewandte Chemie - International Edition},
    author = {Kamai, Ryo and Kamiya, Kazuhide and Hashimoto, Kazuhito and Nakanishi, Shuji},
    number = {42},
    month = {10},
    pages = {13184--13188},
    volume = {55},
    url = {http://doi.wiley.com/10.1002/anie.201607741},
    isbn = {1015938108},
    doi = {10.1002/anie.201607741},
    issn = {15213773},
    pmid = {22393313},
    arxivId = {arXiv:1408.1149},
    keywords = {covalent triazine frameworks, electrocatalysis, fuel cells, platinum}
}

@article{Wang2017Two-dimensionalCatalysis,
    title = {{Two-dimensional materials confining single atoms for catalysis}},
    year = {2017},
    journal = {Cuihua Xuebao/Chinese Journal of Catalysis},
    author = {Wang, Yong and Zhang, Wenhua and Deng, Dehui and Bao, Xinhe},
    number = {9},
    month = {9},
    pages = {1443--1453},
    volume = {38},
    publisher = {Elsevier},
    url = {http://www.sciencedirect.com/science/article/pii/S1872206717628390},
    isbn = {0253-9837},
    doi = {10.1016/S1872-2067(17)62839-0},
    issn = {02539837}
}

@article{Yang2013Single-atomCatalysis,
    title = {{Single-atom catalysts: A new frontier in heterogeneous catalysis}},
    year = {2013},
    journal = {Accounts of Chemical Research},
    author = {Yang, Xiao Feng and Wang, Aiqin and Qiao, Botao and Li, Jun and Liu, Jingyue and Zhang, Tao},
    number = {8},
    month = {8},
    pages = {1740--1748},
    volume = {46},
    publisher = {American Chemical Society},
    url = {http://pubs.acs.org/doi/abs/10.1021/ar300361m},
    isbn = {0001-4842},
    doi = {10.1021/ar300361m},
    issn = {00014842},
    pmid = {23815772}
}

@article{Nrskov2004OriginCathode,
    title = {{Origin of the overpotential for oxygen reduction at a fuel-cell cathode}},
    year = {2004},
    journal = {Journal of Physical Chemistry B},
    author = {N{\o}rskov, J. K. and Rossmeisl, J. and Logadottir, A. and Lindqvist, L. and Kitchin, J. R. and Bligaard, T. and J{\'{o}}nsson, H.},
    number = {46},
    pages = {17886--17892},
    volume = {108},
    publisher = {American Chemical Society},
    url = {http://pubs.acs.org/doi/abs/10.1021/jp047349j},
    isbn = {1520-6106},
    doi = {10.1021/jp047349j},
    issn = {15206106},
    pmid = {225079300029}
}

@article{Buyukcakir2017ChargedConversion,
    title = {{Charged Covalent Triazine Frameworks for CO2Capture and Conversion}},
    year = {2017},
    journal = {ACS Applied Materials and Interfaces},
    author = {Buyukcakir, Onur and Je, Sang Hyun and Talapaneni, Siddulu Naidu and Kim, Daeok and Coskun, Ali},
    number = {8},
    month = {3},
    pages = {7209--7216},
    volume = {9},
    publisher = {American Chemical Society},
    url = {http://pubs.acs.org/doi/abs/10.1021/acsami.6b16769},
    isbn = {1944-8244},
    doi = {10.1021/acsami.6b16769},
    issn = {19448252},
    pmid = {28177215},
    keywords = {CO2fixation, charged porous polymers, hierarchical porosity, ionic networks, ionothermal synthesis}
}

@article{Kuecken2017FastEvolution,
    title = {{Fast tuning of covalent triazine frameworks for photocatalytic hydrogen evolution}},
    year = {2017},
    journal = {Chem. Commun.},
    author = {Kuecken, Sophie and Acharjya, Amitava and Zhi, Linjie and Schwarze, Michael and Schom{\"{a}}cker, Reinhard and Thomas, Arne},
    number = {43},
    month = {5},
    pages = {5854--5857},
    volume = {53},
    publisher = {The Royal Society of Chemistry},
    url = {http://xlink.rsc.org/?DOI=C7CC01827D},
    doi = {10.1039/C7CC01827D},
    issn = {1359-7345}
}

@article{Kamiya2014Platinum-modifiedElectrocatalysts,
    title = {{Platinum-modified covalent triazine frameworks hybridized with carbon nanoparticles as methanol-tolerant oxygen reduction electrocatalysts}},
    year = {2014},
    journal = {Nature Communications},
    author = {Kamiya, Kazuhide and Kamai, Ryo and Hashimoto, Kazuhito and Nakanishi, Shuji},
    month = {9},
    pages = {5040},
    volume = {5},
    publisher = {Nature Publishing Group},
    url = {http://www.nature.com/doifinder/10.1038/ncomms6040},
    isbn = {9781137332875},
    doi = {10.1038/ncomms6040},
    issn = {20411723},
    pmid = {25242214},
    keywords = {Electrocatalysis, Electrochemistry, Nanoparticles}
}

@article{Krukau2006InfluenceFunctionals,
    title = {{Influence of the exchange screening parameter on the performance of screened hybrid functionals}},
    year = {2006},
    journal = {Journal of Chemical Physics},
    author = {Krukau, Aliaksandr V. and Vydrov, Oleg A. and Izmaylov, Artur F. and Scuseria, Gustavo E.},
    number = {22},
    month = {12},
    pages = {224106},
    volume = {125},
    publisher = {American Institute of Physics},
    url = {http://aip.scitation.org/doi/10.1063/1.2404663},
    isbn = {0021-9606},
    doi = {10.1063/1.2404663},
    issn = {00219606},
    pmid = {17176133},
    keywords = {density functional theory, energy gap, lattice constants, thermochemistry}
}

@article{Grimme2011EffectTheory,
    title = {{Effect of the damping function in dispersion corrected density functional theory}},
    year = {2011},
    journal = {Journal of Computational Chemistry},
    author = {Grimme, Stefan and Ehrlich, Stephan and Goerigk, Lars},
    number = {7},
    month = {5},
    pages = {1456--1465},
    volume = {32},
    publisher = {Wiley Subscription Services, Inc., A Wiley Company},
    url = {http://doi.wiley.com/10.1002/jcc.21759},
    isbn = {1096-987X},
    doi = {10.1002/jcc.21759},
    issn = {01928651},
    pmid = {20928852},
    arxivId = {NIHMS150003},
    keywords = {density functional theory, dispersion energy, noncovalent interactions, van der Waals complexes}
}

@article{Grimme2010AH-Pu,
    title = {{A consistent and accurate ab initio parametrization of density functional dispersion correction (DFT-D) for the 94 elements H-Pu}},
    year = {2010},
    journal = {Journal of Chemical Physics},
    author = {Grimme, Stefan and Antony, Jens and Ehrlich, Stephan and Krieg, Helge},
    number = {15},
    month = {4},
    pages = {154104},
    volume = {132},
    publisher = {American Institute of Physics},
    url = {http://aip.scitation.org/doi/10.1063/1.3382344},
    isbn = {0021-9606},
    doi = {10.1063/1.3382344},
    issn = {00219606},
    pmid = {20423165},
    arxivId = {cond-mat/0405167},
    keywords = {ab initio calculations, adsorption, density functional theory, graphene, organic compounds, recursion method, silver}
}

@article{Liakos2012ImprovedMethods,
    title = {{Improved correlation energy extrapolation schemes based on local pair natural orbital methods}},
    year = {2012},
    journal = {Journal of Physical Chemistry A},
    author = {Liakos, Dimitrios G. and Neese, Frank},
    number = {19},
    month = {5},
    pages = {4801--4816},
    volume = {116},
    publisher = {American Chemical Society},
    url = {http://pubs.acs.org/doi/abs/10.1021/jp302096v},
    isbn = {1089-5639},
    doi = {10.1021/jp302096v},
    issn = {10895639},
    pmid = {22489633}
}

@article{Rojas-Carbonell2017TransitionElectrolyte,
    title = {{Transition metal-nitrogen-carbon catalysts for oxygen reduction reaction in neutral electrolyte}},
    year = {2017},
    journal = {Electrochemistry Communications},
    author = {Rojas-Carbonell, Santiago and Santoro, Carlo and Serov, Alexey and Atanassov, Plamen},
    month = {2},
    pages = {38--42},
    volume = {75},
    publisher = {Elsevier},
    url = {http://www.sciencedirect.com/science/article/pii/S1388248116303113},
    isbn = {1388-2481},
    doi = {10.1016/j.elecom.2016.12.011},
    issn = {13882481},
    keywords = {Current production, Electron transfer, Neutral pH, ORR, PGM-free}
}

@article{Bhola2017InfluenceStudy,
    title = {{Influence of Hubbard U parameter in simulating adsorption and reactivity on CuO: Combined theoretical and experimental study}},
    year = {2017},
    journal = {Journal of Physical Chemistry C},
    author = {Bhola, Kartavya and Varghese, Jithin John and Dapeng, Liu and Liu, Yan and Mushrif, Samir H.},
    number = {39},
    month = {10},
    pages = {21343--21353},
    volume = {121},
    publisher = {American Chemical Society},
    url = {http://pubs.acs.org/doi/abs/10.1021/acs.jpcc.7b05385},
    isbn = {1932-7447},
    doi = {10.1021/acs.jpcc.7b05385},
    issn = {19327455}
}

@article{Wellendorff2012DensityEstimation,
    title = {{Density functionals for surface science: Exchange-correlation model development with Bayesian error estimation}},
    year = {2012},
    journal = {Physical Review B - Condensed Matter and Materials Physics},
    author = {Wellendorff, Jess and Lundgaard, Keld T. and M{\o}gelh{\o}j, Andreas and Petzold, Vivien and Landis, David D. and N{\o}rskov, Jens K. and Bligaard, Thomas and Jacobsen, Karsten W.},
    number = {23},
    month = {6},
    pages = {235149},
    volume = {85},
    publisher = {American Physical Society},
    url = {https://link.aps.org/doi/10.1103/PhysRevB.85.235149},
    isbn = {1098-0121},
    doi = {10.1103/PhysRevB.85.235149},
    issn = {10980121},
    pmid = {25220217}
}

@article{Hammer1999ImprovedFunctionals,
    title = {{Improved adsorption energetics within density-functional theory using revised Perdew-Burke-Ernzerhof functionals}},
    year = {1999},
    journal = {Physical Review B - Condensed Matter and Materials Physics},
    author = {Hammer, B. and Hansen, L. B. and N{\o}rskov, J. K.},
    number = {11},
    month = {3},
    pages = {7413--7421},
    volume = {59},
    publisher = {American Physical Society},
    url = {https://link.aps.org/doi/10.1103/PhysRevB.59.7413},
    isbn = {0163-1829},
    doi = {10.1103/PhysRevB.59.7413},
    issn = {1550235X},
    pmid = {969},
    arxivId = {physics/9806013v2}
}

@article{CarloSolvationMixture,
    title = {{Solvation of a macrocyclic compound in a water–ammonia mixture}},
    author = {Carlo, Monte and Udomsub, Sareeyaporn and Hannongbua, Supot},
    url = {http://pubs.rsc.org/en/content/articlepdf/1997/ft/a701698k},
    issn = {09565000}
}

@article{Dubbeldam2016RASPA:Materials,
    title = {{RASPA: Molecular simulation software for adsorption and diffusion in flexible nanoporous materials}},
    year = {2016},
    journal = {Molecular Simulation},
    author = {Dubbeldam, David and Calero, Sofía and Ellis, Donald E. and Snurr, Randall Q.},
    number = {2},
    month = {1},
    pages = {81--101},
    volume = {42},
    publisher = {Taylor {\&} Francis},
    url = {http://www.tandfonline.com/doi/full/10.1080/08927022.2015.1010082},
    isbn = {0892-7022},
    doi = {10.1080/08927022.2015.1010082},
    issn = {10290435},
    arxivId = {08927022.2015.1010082},
    keywords = {Monte Carlo, adsorption, diffusion, molecular dynamics, molecular simulation, software}
}

@article{Grimme2011EffectTheoryb,
    title = {{Effect of the damping function in dispersion corrected density functional theory}},
    year = {2011},
    journal = {Journal of Computational Chemistry},
    author = {Grimme, Stefan and Ehrlich, Stephan and Goerigk, Lars},
    number = {7},
    month = {5},
    pages = {1456--1465},
    volume = {32},
    publisher = {Wiley Subscription Services, Inc., A Wiley Company},
    url = {http://doi.wiley.com/10.1002/jcc.21759},
    isbn = {1096-987X},
    doi = {10.1002/jcc.21759},
    issn = {01928651},
    pmid = {20928852},
    arxivId = {NIHMS150003},
    keywords = {density functional theory, dispersion energy, noncovalent interactions, van der Waals complexes}
}

@article{Grimme2010AH-Pub,
    title = {{A consistent and accurate ab initio parametrization of density functional dispersion correction (DFT-D) for the 94 elements H-Pu}},
    year = {2010},
    journal = {Journal of Chemical Physics},
    author = {Grimme, Stefan and Antony, Jens and Ehrlich, Stephan and Krieg, Helge},
    number = {15},
    month = {4},
    pages = {154104},
    volume = {132},
    publisher = {American Institute of Physics},
    url = {http://aip.scitation.org/doi/10.1063/1.3382344},
    isbn = {0021-9606},
    doi = {10.1063/1.3382344},
    issn = {00219606},
    pmid = {20423165},
    arxivId = {cond-mat/0405167},
    keywords = {ab initio calculations, adsorption, density functional theory, graphene, organic compounds, recursion method, silver}
}

@article{Smith2016RevisedTheory,
    title = {{Revised Damping Parameters for the D3 Dispersion Correction to Density Functional Theory}},
    year = {2016},
    journal = {Journal of Physical Chemistry Letters},
    author = {Smith, Daniel G. A. and Burns, Lori A. and Patkowski, Konrad and Sherrill, C. David},
    number = {12},
    month = {6},
    pages = {2197--2203},
    volume = {7},
    publisher = {American Chemical Society},
    url = {http://pubs.acs.org/doi/abs/10.1021/acs.jpclett.6b00780},
    doi = {10.1021/acs.jpclett.6b00780},
    issn = {19487185}
}

@article{Kulkarni2016ScreeningFields,
    title = {{Screening of Copper Open Metal Site MOFs for Olefin/Paraffin Separations Using DFT-Derived Force Fields}},
    year = {2016},
    journal = {Journal of Physical Chemistry C},
    author = {Kulkarni, Ambarish R. and Sholl, David S.},
    number = {40},
    month = {10},
    pages = {23044--23054},
    volume = {120},
    publisher = {American Chemical Society},
    url = {http://pubs.acs.org/doi/abs/10.1021/acs.jpcc.6b07493},
    doi = {10.1021/acs.jpcc.6b07493},
    issn = {19327455}
}

@article{Kresse1996EfficientSet,
    title = {{Efficient iterative schemes for ab initio total-energy calculations using a plane-wave basis set}},
    year = {1996},
    journal = {Physical Review B - Condensed Matter and Materials Physics},
    author = {Kresse, G. and Furthm{\"{u}}ller, J.},
    number = {16},
    month = {10},
    pages = {11169--11186},
    volume = {54},
    publisher = {American Physical Society},
    url = {https://link.aps.org/doi/10.1103/PhysRevB.54.11169},
    isbn = {1098-0121},
    doi = {10.1103/PhysRevB.54.11169},
    issn = {1550235X},
    pmid = {9984901},
    arxivId = {10.1016/0927-0256(96)00008}
}

@article{Joubert1999FromMethod,
    title = {{From ultrasoft pseudopotentials to the projector augmented-wave method}},
    year = {1999},
    journal = {Physical Review B - Condensed Matter and Materials Physics},
    author = {Joubert, D.},
    number = {3},
    month = {1},
    pages = {1758--1775},
    volume = {59},
    publisher = {American Physical Society},
    url = {https://link.aps.org/doi/10.1103/PhysRevB.59.1758},
    isbn = {0163-1829},
    doi = {10.1103/PhysRevB.59.1758},
    issn = {1550235X},
    pmid = {19309091},
    arxivId = {10.1016/0927-0256(96)00008}
}

@article{Grimme2011EffectTheoryc,
    title = {{Effect of the damping function in dispersion corrected density functional theory}},
    year = {2011},
    journal = {Journal of Computational Chemistry},
    author = {Grimme, Stefan and Ehrlich, Stephan and Goerigk, Lars},
    number = {7},
    month = {5},
    pages = {1456--1465},
    volume = {32},
    url = {http://www.ncbi.nlm.nih.gov/pubmed/21370243 http://doi.wiley.com/10.1002/jcc.21759},
    isbn = {1096-987X},
    doi = {10.1002/jcc.21759},
    issn = {01928651},
    pmid = {20928852},
    arxivId = {NIHMS150003},
    keywords = {density functional theory, dispersion energy, noncovalent interactions, van der Waals complexes}
}

@article{Kendall1992ElectronFunctions,
    title = {{Electron affinities of the first-row atoms revisited. Systematic basis sets and wave functions}},
    year = {1992},
    journal = {The Journal of Chemical Physics},
    author = {Kendall, Rick A. and Dunning, Thom H. and Harrison, Robert J.},
    number = {9},
    month = {5},
    pages = {6796--6806},
    volume = {96},
    publisher = {American Institute of Physics},
    url = {http://aip.scitation.org/doi/10.1063/1.462569},
    isbn = {0021-9606},
    doi = {10.1063/1.462569},
    issn = {00219606},
    pmid = {4},
    keywords = {ACCURACY, AFFINITY, ANIONS, ATOMS, BORON, CARBON, CONFIGURATION INTERACTION, COUPLING, FLUORINE, HYDROGEN, MOLECULES, OXYGEN, QUANTUM CHEMISTRY, WAVE FUNCTIONS}
}

@article{Balabanov2005SystematicallySc-Zn,
    title = {{Systematically convergent basis sets for transition metals. I. All-electron correlation consistent basis sets for the 3d elements Sc-Zn}},
    year = {2005},
    journal = {Journal of Chemical Physics},
    author = {Balabanov, Nikolai B. and Peterson, Kirk A.},
    number = {6},
    month = {8},
    pages = {064107},
    volume = {123},
    publisher = {American Institute of Physics},
    url = {http://aip.scitation.org/doi/10.1063/1.1998907},
    isbn = {0021-9606},
    doi = {10.1063/1.1998907},
    issn = {00219606},
    pmid = {16122300},
    keywords = {chromium, cobalt, copper, copper compounds, coupled cluster calculations, electron affinity, electron correlations, excited states, ionisation potential, iron, manganese, manganese compounds, nickel, scandium, titanium, titanium compounds, vanadium, zinc}
}

@article{Balabanov2006BasisMethods,
    title = {{Basis set limit electronic excitation energies, ionization potentials, and electron affinities for the 3d transition metal atoms: Coupled cluster and multireference methods}},
    year = {2006},
    journal = {Journal of Chemical Physics},
    author = {Balabanov, Nikolai B. and Peterson, Kirk A.},
    number = {7},
    month = {8},
    pages = {074110},
    volume = {125},
    publisher = {American Institute of Physics},
    url = {http://aip.scitation.org/doi/10.1063/1.2335444},
    isbn = {0021-9606 (Print){\textbackslash}r0021-9606 (Linking)},
    doi = {10.1063/1.2335444},
    issn = {00219606},
    pmid = {16942325},
    keywords = {configuration interactions, coupled cluster calculations, electron affinity, excited states, ionisation potential, transition metals}
}

@misc{Neese2010ORCA2.8.0,
    title = {{ORCA - an ab initio, Density Functional and Semiempirical Program Package, 2.8.0}},
    year = {2010},
    author = {Neese, Frank},
    publisher = {Max-Planck Institut f{\"{u}}r Bioanorganische Chemie},
    address = {M¨ulheim a. d. Ruhr, Germany}
}

@article{Neese2006ImportanceStudy,
    title = {{Importance of direct spin-spin coupling and spin-flip excitations for the zero-field splittings of transition metal complexes: A case study}},
    year = {2006},
    journal = {Journal of the American Chemical Society},
    author = {Neese, Frank},
    number = {31},
    pages = {10213--10222},
    volume = {128},
    publisher = {American Chemical Society},
    url = {http://pubs.acs.org/doi/abs/10.1021/ja061798a},
    isbn = {S0002-7863(06)01798-7},
    doi = {10.1021/ja061798a},
    issn = {00027863},
    pmid = {16881651}
}

@article{Neese1998Calculation,
    title = {{Calculation of Zero-Field Splittings, g-Values, and the Relativistic Nephelauxetic Effect in Transition Metal Complexes. Application to High-Spin Ferric Complexes †}},
    year = {1998},
    journal = {Inorganic Chemistry},
    author = {Neese, Frank and Solomon, Edward I.},
    number = {26},
    pages = {6568--6582},
    volume = {37},
    publisher = {American Chemical Society},
    url = {http://pubs.acs.org/doi/abs/10.1021/ic980948i},
    isbn = {0020-1669},
    doi = {10.1021/ic980948i},
    issn = {0020-1669},
    pmid = {11670788}
}

@misc{Valeev2017Libint:Functions,
    title = {{Libint: A library for the evaluation of molecular integrals of many-body operators over Gaussian functions}},
    year = {2017},
    author = {Valeev, Edward F.},
    url = {http://libint.valeyev.net/}
}

@article{Riplinger2013AnMethod,
    title = {{An efficient and near linear scaling pair natural orbital based local coupled cluster method}},
    year = {2013},
    journal = {Journal of Chemical Physics},
    author = {Riplinger, Christoph and Neese, Frank},
    number = {3},
    month = {1},
    pages = {034106},
    volume = {138},
    publisher = {American Institute of Physics},
    url = {http://aip.scitation.org/doi/10.1063/1.4773581},
    isbn = {1089-7690 (Electronic) 0021-9606 (Linking)},
    doi = {10.1063/1.4773581},
    issn = {00219606},
    pmid = {23343267},
    keywords = {correlation methods, coupled cluster calculations}
}

@article{Riplinger2013NaturalOrbitals,
    title = {{Natural triple excitations in local coupled cluster calculations with pair natural orbitals}},
    year = {2013},
    journal = {Journal of Chemical Physics},
    author = {Riplinger, Christoph and Sandhoefer, Barbara and Hansen, Andreas and Neese, Frank},
    number = {13},
    month = {10},
    pages = {134101},
    volume = {139},
    publisher = {American Institute of Physics},
    url = {http://aip.scitation.org/doi/10.1063/1.4821834},
    isbn = {1089-7690 (Electronic) 0021-9606 (Linking)},
    doi = {10.1063/1.4821834},
    issn = {00219606},
    pmid = {24116546},
    keywords = {coupled cluster calculations, extrapolation, orbital calculations, proteins, triplet state}
}

@article{Liakos2015ExploringTheory,
    title = {{Exploring the accuracy limits of local pair natural orbital coupled-cluster theory}},
    year = {2015},
    journal = {Journal of Chemical Theory and Computation},
    author = {Liakos, Dimitrios G. and Sparta, Manuel and Kesharwani, Manoj K. and Martin, Jan M.L. and Neese, Frank},
    number = {4},
    month = {4},
    pages = {1525--1539},
    volume = {11},
    publisher = {American Chemical Society},
    url = {http://pubs.acs.org/doi/abs/10.1021/ct501129s},
    isbn = {1549-9618},
    doi = {10.1021/ct501129s},
    issn = {15499626}
}

@article{Sui2017ACells,
    title = {{A comprehensive review of Pt electrocatalysts for the oxygen reduction reaction: Nanostructure, activity, mechanism and carbon support in PEM fuel cells}},
    year = {2017},
    journal = {J. Mater. Chem. A},
    author = {Sui, Sheng and Wang, Xiaoying and Zhou, Xintong and Su, Yuehong and Riffat, Saffa and Liu, Chang-jun},
    number = {5},
    month = {1},
    pages = {1808--1825},
    volume = {5},
    publisher = {The Royal Society of Chemistry},
    url = {http://xlink.rsc.org/?DOI=C6TA08580F},
    doi = {10.1039/C6TA08580F},
    issn = {2050-7488}
}

@misc{Xia2016Earth-AbundantReduction,
    title = {{Earth-Abundant Nanomaterials for Oxygen Reduction}},
    year = {2016},
    booktitle = {Angewandte Chemie - International Edition},
    author = {Xia, Wei and Mahmood, Asif and Liang, Zibin and Zou, Ruqiang and Guo, Shaojun},
    number = {8},
    month = {2},
    pages = {2650--2676},
    volume = {55},
    url = {http://doi.wiley.com/10.1002/anie.201504830},
    isbn = {1521-3773 (Electronic) 1433-7851 (Linking)},
    doi = {10.1002/anie.201504830},
    issn = {15213773},
    pmid = {26663778},
    keywords = {electrocatalysts, fuel cells, nanostructure, oxygen reduction, platinum-free catalysts}
}

@article{Perdew2009DensityProblem,
    title = {{Density functional theory and the band gap problem}},
    year = {2009},
    journal = {International Journal of Quantum Chemistry},
    author = {Perdew, John P.},
    number = {S19},
    month = {6},
    pages = {497--523},
    volume = {28},
    publisher = {John Wiley {\&} Sons, Inc.},
    url = {http://doi.wiley.com/10.1002/qua.560280846},
    isbn = {1097-461X},
    doi = {10.1002/qua.560280846},
    issn = {00207608}
}

@article{Seidl1996GeneralizedProblem,
    title = {{Generalized Kohn-Sham schemes and the band-gap problem}},
    year = {1996},
    journal = {Physical Review B - Condensed Matter and Materials Physics},
    author = {Seidl, A and G{\"{o}}rling, A and Vogl, P and Majewski, J. and Levy, M},
    number = {7},
    pages = {3764--3774},
    volume = {53},
    url = {http://boson4.phys.tku.edu.tw/sX-LDA_papers/Seidl_sX-LDA.pdf},
    isbn = {0163-1829 (Print){\textbackslash}n0163-1829 (Linking)},
    doi = {10.1103/PhysRevB.53.3764},
    issn = {1550235X},
    pmid = {9983927}
}

@article{Perdew2009DensityProblemb,
    title = {{Density functional theory and the band gap problem}},
    year = {2009},
    journal = {International Journal of Quantum Chemistry},
    author = {Perdew, John P.},
    number = {S19},
    month = {6},
    pages = {497--523},
    volume = {28},
    publisher = {John Wiley {\&} Sons, Inc.},
    url = {http://doi.wiley.com/10.1002/qua.560280846},
    isbn = {1097-461X},
    doi = {10.1002/qua.560280846},
    issn = {00207608}
}

@article{Perdew1983PhysicalDiscontinuities,
    title = {{Physical content of the exact kohn-sham orbital energies: Band gaps and derivative discontinuities}},
    year = {1983},
    journal = {Physical Review Letters},
    author = {Perdew, John P. and Levy, Mel},
    number = {20},
    month = {11},
    pages = {1884--1887},
    volume = {51},
    publisher = {American Physical Society},
    url = {https://link.aps.org/doi/10.1103/PhysRevLett.51.1884},
    isbn = {0031-9007},
    doi = {10.1103/PhysRevLett.51.1884},
    issn = {00319007},
    pmid = {622}
}

@article{Sham1983Density-functionalGap,
    title = {{Density-functional theory of the energy gap}},
    year = {1983},
    journal = {Physical Review Letters},
    author = {Sham, L. J. and Schl̈ter, M.},
    number = {20},
    month = {11},
    pages = {1888--1891},
    volume = {51},
    publisher = {American Physical Society},
    url = {https://link.aps.org/doi/10.1103/PhysRevLett.51.1888},
    isbn = {0031-9007},
    doi = {10.1103/PhysRevLett.51.1888},
    issn = {00319007},
    pmid = {1105},
    arxivId = {http://dx.doi.org/10.1103/PhysRevLett.51.1888}
}

@article{Perdew1983PhysicalDiscontinuitiesb,
    title = {{Physical content of the exact kohn-sham orbital energies: Band gaps and derivative discontinuities}},
    year = {1983},
    journal = {Physical Review Letters},
    author = {Perdew, John P. and Levy, Mel},
    number = {20},
    month = {11},
    pages = {1884--1887},
    volume = {51},
    publisher = {American Physical Society},
    url = {https://link.aps.org/doi/10.1103/PhysRevLett.51.1884},
    isbn = {0031-9007},
    doi = {10.1103/PhysRevLett.51.1884},
    issn = {00319007},
    pmid = {622}
}

@article{Trucks1989ARaghavachariK.,
    title = {{A fifth-order perturbation comparison of electron correlation theoriesA1 - Raghavachari,K.}},
    year = {1989},
    journal = {Chemical Physics Letters},
    author = {Trucks, Gary W. and Pople, John A. and Head-Gordon, Martin},
    number = {6},
    month = {5},
    pages = {479--483},
    volume = {157},
    publisher = {North-Holland},
    url = {http://www.sciencedirect.com/science/article/pii/S0009261489873956?via%3Dihub},
    doi = {10.1016/S0009-2614(89)87395-6},
    issn = {0009-2614},
    keywords = {CI, Cluster, correlation, interaction, model, theory, triple}
}

@incollection{Lee1994AchievingTheory,
    title = {{Achieving Chemical Accuracy with Coupled-Cluster Theory}},
    year = {1994},
    booktitle = {Quantum Mechanical Electronic Structure Calculations with Chemical Accuracy},
    author = {Lee, Timothy J. and Scuseria, Gustavo E.},
    pages = {47--108},
    publisher = {Springer Netherlands},
    url = {http://www.springerlink.com/index/10.1007/978-94-011-0193-6_2},
    address = {Dordrecht},
    isbn = {9789401101936 (electronic bk.){\textbackslash}r9401101930 (electronic bk.)},
    doi = {10.1007/978-94-011-0193-6{\_}2},
    pmid = {2270009}
}

@misc{Scuseria1990ComparisonExcitations,
    title = {{Comparison of coupled-cluster methods which include the effects of connected triple excitations}},
    year = {1990},
    booktitle = {The Journal of Chemical Physics},
    author = {Scuseria, Gustavo E. and Lee, Timothy J.},
    number = {8},
    month = {10},
    pages = {5851--5855},
    volume = {93},
    publisher = {American Institute of Physics},
    url = {http://aip.scitation.org/doi/10.1063/1.459684},
    doi = {10.1063/1.459684},
    issn = {00219606},
    keywords = {CHEMICAL BONDS, CONFIGURATION INTERACTION, ELECTRON CORRELATION, ELECTRONIC STRUCTURE, MOLECULES}
}

@article{Li2017CuReaction,
    title = {{Cu nanoparticles supported on graphitic carbon nitride as an efficient electrocatalyst for oxygen reduction reaction}},
    year = {2017},
    journal = {Cuihua Xuebao/Chinese Journal of Catalysis},
    author = {Li, Henan and Xu, Yanan and Sitinamaluwa, Hansinee and Wasalathilake, Kimal and Galpaya, Dilini and Yan, Cheng},
    number = {6},
    month = {6},
    pages = {1006--1010},
    volume = {38},
    publisher = {Elsevier},
    url = {http://www.sciencedirect.com/science/article/pii/S1872206717627645?via%3Dihub#f10},
    isbn = {2011009111},
    doi = {10.1016/S1872-2067(17)62764-5},
    issn = {02539837},
    keywords = {Electrocatalyst, Graphitic carbon nitride, Ionic liquid, Nanoparticle, Oxygen reduction reaction}
}

@article{Wang2017Two-dimensionalCatalysisb,
    title = {{Two-dimensional materials confining single atoms for catalysis}},
    year = {2017},
    journal = {Cuihua Xuebao/Chinese Journal of Catalysis},
    author = {Wang, Yong and Zhang, Wenhua and Deng, Dehui and Bao, Xinhe},
    number = {9},
    month = {9},
    pages = {1443--1453},
    volume = {38},
    publisher = {Elsevier},
    url = {http://www.sciencedirect.com/science/article/pii/S1872206717628390},
    isbn = {0253-9837},
    doi = {10.1016/S1872-2067(17)62839-0},
    issn = {02539837}
}

@article{Chen2017HighlyReaction,
    title = {{Highly active and stable single iron site confined in graphene nanosheets for oxygen reduction reaction}},
    year = {2017},
    journal = {Nano Energy},
    author = {Chen, Xiaoqi and Yu, Liang and Wang, Suheng and Deng, Dehui and Bao, Xinhe},
    month = {2},
    pages = {353--358},
    volume = {32},
    publisher = {Elsevier},
    url = {http://www.sciencedirect.com/science/article/pii/S2211285516306206},
    isbn = {2211-2855},
    doi = {10.1016/j.nanoen.2016.12.056},
    issn = {22112855},
    keywords = {DFT calculations, Graphene, Non-precious metals, Oxygen reduction reaction, Single iron site}
}

@article{Chen2017HighlyReactionb,
    title = {{Highly active and stable single iron site confined in graphene nanosheets for oxygen reduction reaction}},
    year = {2017},
    journal = {Nano Energy},
    author = {Chen, Xiaoqi and Yu, Liang and Wang, Suheng and Deng, Dehui and Bao, Xinhe},
    number = {11},
    month = {3},
    pages = {353--358},
    volume = {32},
    publisher = {American Chemical Society},
    url = {http://pubs.acs.org/doi/abs/10.1021/la400003h http://pubs.acs.org/doi/10.1021/la400003h},
    isbn = {2211-2855},
    doi = {10.1016/j.nanoen.2016.12.056},
    issn = {22112855},
    pmid = {23425296},
    keywords = {DFT calculations, Graphene, Non-precious metals, Oxygen reduction reaction, Single iron site}
}

@article{Zhang2017Single-AtomicMedium,
    title = {{Single-Atomic Ruthenium Catalytic Sites on Nitrogen-Doped Graphene for Oxygen Reduction Reaction in Acidic Medium}},
    year = {2017},
    journal = {ACS Nano},
    author = {Zhang, Chenhao and Sha, Junwei and Fei, Huilong and Liu, Mingjie and Yazdi, Sadegh and Zhang, Jibo and Zhong, Qifeng and Zou, Xiaolong and Zhao, Naiqin and Yu, Haisheng and Jiang, Zheng and Ringe, Emilie and Yakobson, Boris I. and Dong, Juncai and Chen, Dongliang and Tour, James M.},
    number = {7},
    month = {7},
    pages = {6930--6941},
    volume = {11},
    publisher = {American Chemical Society},
    url = {http://pubs.acs.org/doi/10.1021/acsnano.7b02148},
    doi = {10.1021/acsnano.7b02148},
    issn = {1936086X},
    keywords = {atomically dispersed ruthenium, electrocatalysts, nitrogen-doped graphene oxide, oxygen reduction reaction}
}

@article{Perdew1996GeneralizedSimple,
    title = {{Generalized gradient approximation made simple}},
    year = {1996},
    journal = {Physical Review Letters},
    author = {Perdew, John P. and Burke, Kieron and Ernzerhof, Matthias},
    number = {18},
    month = {10},
    pages = {3865--3868},
    volume = {77},
    publisher = {American Physical Society},
    url = {https://link.aps.org/doi/10.1103/PhysRevLett.77.3865},
    isbn = {9780596529321},
    doi = {10.1103/PhysRevLett.77.3865},
    issn = {10797114},
    pmid = {10062328},
    arxivId = {10.1016/0927-0256(96)00008}
}

@article{Adamo1999TowardModel,
    title = {{Toward reliable density functional methods without adjustable parameters: The PBE0 model}},
    year = {1999},
    journal = {Journal of Chemical Physics},
    author = {Adamo, Carlo and Barone, Vincenzo},
    number = {13},
    month = {3},
    pages = {6158--6170},
    volume = {110},
    publisher = {American Institute of Physics},
    url = {http://aip.scitation.org/doi/abs/10.1063/1.478522},
    isbn = {0021-9606},
    doi = {10.1063/1.478522},
    issn = {00219606},
    pmid = {22583206},
    arxivId = {arXiv:1011.1669v3},
    keywords = {density functional theory}
}

@article{Heyd2003HybridPotential,
    title = {{Hybrid functionals based on a screened Coulomb potential}},
    year = {2003},
    journal = {Journal of Chemical Physics},
    author = {Heyd, Jochen and Scuseria, Gustavo E. and Ernzerhof, Matthias},
    number = {18},
    month = {5},
    pages = {8207--8215},
    volume = {118},
    publisher = {American Institute of Physics},
    url = {http://aip.scitation.org/doi/10.1063/1.1564060},
    isbn = {0021-9606},
    doi = {10.1063/1.1564060},
    issn = {00219606},
    pmid = {182454100010}
}

@article{Krukau2006InfluenceFunctionalsb,
    title = {{Influence of the exchange screening parameter on the performance of screened hybrid functionals}},
    year = {2006},
    journal = {Journal of Chemical Physics},
    author = {Krukau, Aliaksandr V. and Vydrov, Oleg A. and Izmaylov, Artur F. and Scuseria, Gustavo E.},
    number = {22},
    month = {12},
    pages = {224106},
    volume = {125},
    publisher = {American Institute of Physics},
    url = {http://aip.scitation.org/doi/10.1063/1.2404663},
    isbn = {0021-9606},
    doi = {10.1063/1.2404663},
    issn = {00219606},
    pmid = {17176133},
    keywords = {density functional theory, energy gap, lattice constants, thermochemistry}
}

@article{Krukau2006InfluenceFunctionalsc,
    title = {{Influence of the exchange screening parameter on the performance of screened hybrid functionals}},
    year = {2006},
    journal = {Journal of Chemical Physics},
    author = {Krukau, Aliaksandr V. and Vydrov, Oleg A. and Izmaylov, Artur F. and Scuseria, Gustavo E.},
    number = {22},
    month = {11},
    pages = {11623--11627},
    volume = {125},
    publisher = {American Chemical Society},
    url = {http://pubs.acs.org/doi/abs/10.1021/j100096a001},
    isbn = {0021-9606},
    doi = {10.1063/1.2404663},
    issn = {00219606},
    pmid = {17176133}
}

@article{Tirado-Rives2008PerformanceMolecules,
    title = {{Performance of B3LYP density functional methods for a large set of organic molecules}},
    year = {2008},
    journal = {Journal of Chemical Theory and Computation},
    author = {Tirado-Rives, Julian and Jorgensen, William L.},
    number = {2},
    pages = {297--306},
    volume = {4},
    publisher = {American Chemical Society},
    url = {http://pubs.acs.org/doi/abs/10.1021/ct700248k},
    isbn = {1549-9618},
    doi = {10.1021/ct700248k},
    issn = {15499618},
    pmid = {26620661}
}

@article{Mishra2016CuOStudy,
    title = {{CuO Surfaces and CO2 Activation: A Dispersion-Corrected DFT+U Study}},
    year = {2016},
    journal = {Journal of Physical Chemistry C},
    author = {Mishra, Abhishek Kumar and Roldan, Alberto and De Leeuw, Nora H.},
    number = {4},
    month = {2},
    pages = {2198--2214},
    volume = {120},
    publisher = {American Chemical Society},
    url = {http://pubs.acs.org/doi/10.1021/acs.jpcc.5b10431},
    isbn = {1932-7447},
    doi = {10.1021/acs.jpcc.5b10431},
    issn = {19327455}
}

@article{Nolan2006TheStudy,
    title = {{The p-type conduction mechanism in Cu2O: a first principles study}},
    year = {2006},
    journal = {Physical Chemistry Chemical Physics},
    author = {Nolan, Michael and Elliott, Simon D.},
    number = {45},
    month = {11},
    pages = {5350},
    volume = {8},
    publisher = {The Royal Society of Chemistry},
    url = {http://xlink.rsc.org/?DOI=b611969g},
    isbn = {1463-9076},
    doi = {10.1039/b611969g},
    issn = {1463-9076},
    pmid = {19810413}
}

@article{Anisimov1991BandI,
    title = {{Band theory and Mott insulators: Hubbard U instead of Stoner I}},
    year = {1991},
    journal = {Physical Review B},
    author = {Anisimov, Vladimir I. and Zaanen, Jan and Andersen, Ole K.},
    number = {3},
    month = {7},
    pages = {943--954},
    volume = {44},
    publisher = {American Physical Society},
    url = {https://link.aps.org/doi/10.1103/PhysRevB.44.943},
    isbn = {0163-1829 1095-3795},
    doi = {10.1103/PhysRevB.44.943},
    issn = {01631829},
    pmid = {9999600},
    arxivId = {cond-mat/0603670}
}

@article{AnisimovBandI,
    title = {{Band theory and Mott insulators: Hubbard U instead of Stoner I}},
    author = {Anisimov, Vladimir I and Zaanen, Jan and Andersen, Ole K},
    volume = {44},
    url = {https://journals-aps-org.stanford.idm.oclc.org/prb/pdf/10.1103/PhysRevB.44.943}
}

@article{Yin2016SingleCatalysts,
    title = {{Single Cobalt Atoms with Precise N-Coordination as Superior Oxygen Reduction Reaction Catalysts}},
    year = {2016},
    journal = {Angewandte Chemie - International Edition},
    author = {Yin, Peiqun and Yao, Tao and Wu, Yuen and Zheng, Lirong and Lin, Yue and Liu, Wei and Ju, Huanxin and Zhu, Junfa and Hong, Xun and Deng, Zhaoxiang and Zhou, Gang and Wei, Shiqiang and Li, Yadong},
    number = {36},
    month = {8},
    pages = {10800--10805},
    volume = {55},
    url = {http://doi.wiley.com/10.1002/anie.201604802},
    isbn = {1521-3773 (Electronic){\textbackslash}r1433-7851 (Linking)},
    doi = {10.1002/anie.201604802},
    issn = {15213773},
    pmid = {27491018},
    keywords = {coordination control, metal single atoms, metal–organic frameworks, oxygen reduction reaction}
}

@article{Cheng2017SingleReaction,
    title = {{Single cobalt atom and N codoped carbon nanofibers as highly durable electrocatalyst for oxygen reduction reaction}},
    year = {2017},
    journal = {ACS Catalysis},
    author = {Cheng, Qingqing and Yang, Lijun and Zou, Liangliang and Zou, Zhiqing and Chen, Chi and Hu, Zheng and Yang, Hui},
    number = {10},
    month = {10},
    pages = {6864--6871},
    volume = {7},
    publisher = {American Chemical Society},
    url = {http://pubs.acs.org/doi/10.1021/acscatal.7b02326},
    doi = {10.1021/acscatal.7b02326},
    issn = {21555435},
    keywords = {Cobalt single atoms, Durability, Oxygen reduction reaction, Transition-metal/nitrogen-doped carbon nanofibers}
}

@article{Cao2013PromotionCatalyst,
    title = {{Promotion of oxygen reduction by a bio-inspired tethered iron phthalocyanine carbon nanotube-based catalyst}},
    year = {2013},
    journal = {Nature Communications},
    author = {Cao, Ruiguo and Thapa, Ranjit and Kim, Hyejung and Xu, Xiaodong and Kim, Min Gyu and Li, Qing and Park, Noejung and Liu, Meilin and Cho, Jaephil},
    month = {6},
    pages = {ncomms3076},
    volume = {4},
    publisher = {Nature Publishing Group},
    url = {http://www.nature.com/doifinder/10.1038/ncomms3076},
    isbn = {2041-1723 (Electronic){\textbackslash}r2041-1723 (Linking)},
    doi = {10.1038/ncomms3076},
    issn = {20411723},
    pmid = {23797710},
    keywords = {Bioinspired materials, Electrocatalysis}
}

@article{Liang2015TheCatalysis,
    title = {{The Power of Single-Atom Catalysis}},
    year = {2015},
    journal = {ChemCatChem},
    author = {Liang, Suxia and Hao, Ce and Shi, Yantao},
    number = {17},
    month = {9},
    pages = {2559--2567},
    volume = {7},
    publisher = {WILEY‐VCH Verlag},
    url = {http://doi.wiley.com/10.1002/cctc.201500363},
    isbn = {9781401902155},
    doi = {10.1002/cctc.201500363},
    issn = {18673899},
    keywords = {active sites, heterogeneous catalysis, single-atom catalysis, strong metal-support interactions, supported catalysts}
}

@article{Wellendorff2015AFunctionals,
    title = {{A benchmark database for adsorption bond energies to transition metal surfaces and comparison to selected DFT functionals}},
    year = {2015},
    journal = {Surface Science},
    author = {Wellendorff, Jess and Silbaugh, Trent L. and Garcia-Pintos, Delfina and N{\o}rskov, Jens K. and Bligaard, Thomas and Studt, Felix and Campbell, Charles T.},
    month = {10},
    pages = {36--44},
    volume = {640},
    url = {http://linkinghub.elsevier.com/retrieve/pii/S0039602815000837},
    isbn = {0039-6028},
    doi = {10.1016/j.susc.2015.03.023},
    issn = {00396028},
    keywords = {Adsorption energies, Benchmarking, Catalysis, Density functional theory, Van der Waals}
}

@article{Heyd2005EnergyFunctional,
    title = {{Energy band gaps and lattice parameters evaluated with the Heyd-Scuseria-Ernzerhof screened hybrid functional}},
    year = {2005},
    journal = {Journal of Chemical Physics},
    author = {Heyd, Jochen and Peralta, Juan E. and Scuseria, Gustavo E. and Martin, Richard L.},
    number = {17},
    month = {11},
    pages = {174101},
    volume = {123},
    url = {http://aip.scitation.org/doi/10.1063/1.2085170},
    isbn = {0021-9606},
    doi = {10.1063/1.2085170},
    issn = {00219606},
    pmid = {16375511}
}

@article{Garza2016PredictingFunctionals,
    title = {{Predicting Band Gaps with Hybrid Density Functionals}},
    year = {2016},
    journal = {The Journal of Physical Chemistry Letters},
    author = {Garza, Alejandro J. and Scuseria, Gustavo E.},
    number = {20},
    month = {10},
    pages = {4165--4170},
    volume = {7},
    publisher = {American Chemical Society},
    url = {http://pubs.acs.org/doi/abs/10.1021/acs.jpclett.6b01807 http://arxiv.org/abs/1608.04796%0Ahttp://dx.doi.org/10.1021/acs.jpclett.6b01807},
    doi = {10.1021/acs.jpclett.6b01807},
    issn = {1948-7185},
    pmid = {27704844},
    arxivId = {1608.04796}
}

@article{Gauthier2017Solvation110,
    title = {{Solvation Effects for Oxygen Evolution Reaction Catalysis on IrO 2 (110)}},
    year = {2017},
    journal = {The Journal of Physical Chemistry C},
    author = {Gauthier, Joseph A. and Dickens, Colin F. and Chen, Leanne D. and Doyle, Andrew D. and N{\o}rskov, Jens K.},
    number = {21},
    month = {6},
    pages = {11455--11463},
    volume = {121},
    publisher = {American Chemical Society},
    url = {http://pubs.acs.org/doi/10.1021/acs.jpcc.7b02383 http://pubs.acs.org/doi/abs/10.1021/acs.jpcc.7b02383},
    doi = {10.1021/acs.jpcc.7b02383},
    issn = {1932-7447}
}

@inproceedings{Tripkovic2010TheCalculations,
    title = {{The oxygen reduction reaction mechanism on Pt(1 1 1) from density functional theory calculations}},
    year = {2010},
    booktitle = {Electrochimica Acta},
    author = {Tripkovi{\'{c}}, Vladimir and Sk{\'{u}}lason, Egill and Siahrostami, Samira and N{\o}rskov, Jens K. and Rossmeisl, Jan},
    number = {27},
    month = {11},
    pages = {7975--7981},
    volume = {55},
    publisher = {Pergamon},
    url = {http://www.sciencedirect.com/science/article/pii/S0013468610003178?via%3Dihub},
    isbn = {0013-4686},
    doi = {10.1016/j.electacta.2010.02.056},
    issn = {00134686},
    keywords = {DFT, Oxygen reduction reaction, Pt, Reaction mechanism}
}

@incollection{Nrskov2014TheDiagram,
    title = {{The Potential Energy Diagram}},
    year = {2014},
    booktitle = {Fundamental Concepts in Heterogeneous Catalysis},
    author = {N{\o}rskov, Jens K. and Studt, Felix and Abild-Pedersen, Frank and Bligaard, Thomas},
    month = {8},
    pages = {6--25},
    publisher = {John Wiley {\&} Sons, Inc},
    url = {http://doi.wiley.com/10.1002/9781118892114.ch2 http://onlinelibrary.wiley.com/doi/10.1002/9781118892114.ch2/summary%5Cnhttp://onlinelibrary.wiley.com/store/10.1002/9781118892114.ch2/asset/ch2.pdf?v=1&t=i7uryssr&s=5efccaf12b1d6245b89b3d866f01cd10eda34a91},
    address = {Hoboken, NJ, USA},
    isbn = {9781118892114},
    doi = {10.1002/9781118892114.ch2}
}

@incollection{Nrskov2014SurfaceEquilibria,
    title = {{Surface Equilibria}},
    year = {2014},
    booktitle = {Fundamental Concepts in Heterogeneous Catalysis},
    author = {N{\o}rskov, Jens K. and Studt, Felix and Abild-Pedersen, Frank and Bligaard, Thomas},
    month = {8},
    pages = {26--46},
    publisher = {John Wiley {\&} Sons, Inc},
    url = {http://doi.wiley.com/10.1002/9781118892114.ch3 http://onlinelibrary.wiley.com/doi/10.1002/9781118892114.ch3/summary%5Cnhttp://onlinelibrary.wiley.com/store/10.1002/9781118892114.ch3/asset/ch3.pdf?v=1&t=i7uryum7&s=38e8bd5f46896e0a86d734a321580f2b053f4725},
    address = {Hoboken, NJ, USA},
    isbn = {9781118892114},
    doi = {10.1002/9781118892114.ch3}
}

@incollection{2014FrontMatter,
    title = {{Front Matter}},
    year = {2014},
    booktitle = {Fundamental Concepts in Heterogeneous Catalysis},
    month = {8},
    pages = {i-ix},
    publisher = {John Wiley {\&} Sons, Inc},
    url = {http://doi.wiley.com/10.1002/9781118892114.fmatter},
    address = {Hoboken, NJ, USA},
    doi = {10.1002/9781118892114.fmatter}
}

@incollection{Nrskov2014HeterogeneousFuture,
    title = {{Heterogeneous Catalysis and a Sustainable Future}},
    year = {2014},
    booktitle = {Fundamental Concepts in Heterogeneous Catalysis},
    author = {N{\o}rskov, Jens K. and Studt, Felix and Abild‐Pedersen, Frank and Bligaard, Thomas},
    month = {8},
    pages = {1--5},
    publisher = {John Wiley {\&} Sons, Inc},
    url = {http://doi.wiley.com/10.1002/9781118892114.ch1},
    address = {Hoboken, NJ, USA},
    isbn = {9781118892114},
    doi = {10.1002/9781118892114.ch1}
}

@incollection{2014RateConstants,
    title = {{Rate Constants}},
    year = {2014},
    booktitle = {Fundamental Concepts in Heterogeneous Catalysis},
    month = {8},
    pages = {47--67},
    publisher = {John Wiley {\&} Sons, Inc},
    url = {http://doi.wiley.com/10.1002/9781118892114.ch4},
    address = {Hoboken, NJ, USA},
    doi = {10.1002/9781118892114.ch4}
}

@book{Nrskov2014FundamentalCatalysis,
    title = {{Fundamental Concepts in Heterogeneous Catalysis}},
    year = {2014},
    booktitle = {Fundamental Concepts in Heterogeneous Catalysis},
    author = {N??rskov, Jens K. and Studt, Felix and Abild-Pedersen, Frank and Bligaard, Thomas},
    month = {9},
    pages = {1--196},
    publisher = {John Wiley {\&} Sons, Inc},
    url = {http://doi.wiley.com/10.1002/9781118892114},
    address = {Hoboken, NJ, USA},
    isbn = {9781118892114},
    doi = {10.1002/9781118892114}
}

@incollection{2014EnergyCatalysis,
    title = {{Energy Trends in Catalysis}},
    year = {2014},
    booktitle = {Fundamental Concepts in Heterogeneous Catalysis},
    month = {8},
    pages = {85--96},
    publisher = {John Wiley {\&} Sons, Inc},
    url = {http://doi.wiley.com/10.1002/9781118892114.ch6},
    address = {Hoboken, NJ, USA},
    isbn = {9781118892114},
    doi = {10.1002/9781118892114.ch6}
}

@incollection{Nrskov2014CatalystStructure,
    title = {{Catalyst Structure}},
    year = {2014},
    booktitle = {Fundamental Concepts in Heterogeneous Catalysis},
    author = {N{\o}rskov, Jens K. and Studt, Felix and Abild-Pedersen, Frank and Bligaard, Thomas},
    month = {8},
    pages = {138--149},
    publisher = {John Wiley {\&} Sons, Inc},
    url = {http://doi.wiley.com/10.1002/9781118892114.ch9 http://onlinelibrary.wiley.com/doi/10.1002/9781118892114.ch9/summary%5Cnhttp://onlinelibrary.wiley.com/store/10.1002/9781118892114.ch9/asset/ch9.pdf?v=1&t=i7urz6vb&s=066468cb28f927363bab3d912d8ad6edd70dc021},
    address = {Hoboken, NJ, USA},
    isbn = {9781118892114},
    doi = {10.1002/cssc.200))}
}

@article{Baker1955TheCatalysis,
    title = {{The Electronic Factor in Heterogeneous Catalysis}},
    year = {1955},
    journal = {Advances in Catalysis},
    author = {Baker, M. Mc D and Jenkins, G. I.},
    number = {C},
    month = {8},
    pages = {1--45},
    volume = {7},
    publisher = {John Wiley {\&} Sons, Inc},
    url = {http://doi.wiley.com/10.1002/9781118892114.ch8},
    address = {Hoboken, NJ, USA},
    isbn = {9781118892114},
    doi = {10.1016/S0360-0564(08)60523-4},
    issn = {03600564}
}

@article{Nrskov2014PoisoningCatalysts,
    title = {{Poisoning and Promotion of Catalysts}},
    year = {2014},
    journal = {Fundamental Concepts in Heterogeneous Catalysis},
    author = {N{\o}rskov, Jens K. and Studt, Felix and Abild-Pedersen, Frank and Bligaard, Thomas},
    month = {8},
    pages = {150--154},
    publisher = {John Wiley {\&} Sons, Inc},
    url = {http://doi.wiley.com/10.1002/9781118892114.ch10 http://onlinelibrary.wiley.com/doi/10.1002/9781118892114.ch10/summary%5Cnhttp://onlinelibrary.wiley.com/store/10.1002/9781118892114.ch10/asset/ch10.pdf?v=1&t=i7urzbpd&s=c7ecd134670ffcdf1ac5e29b1dbad5e558a72a},
    address = {Hoboken, NJ, USA},
    isbn = {9781118892114},
    doi = {10.1002/9781118892114.ch10}
}

@incollection{Nrskov2014Kinetics,
    title = {{Kinetics}},
    year = {2014},
    booktitle = {Fundamental Concepts in Heterogeneous Catalysis},
    author = {N{\o}rskov, Jens K and Studt, Felix and Abild-Pedersen, Frank and Bligaard, Thomas},
    month = {8},
    pages = {68--84},
    publisher = {John Wiley {\&} Sons, Inc},
    url = {http://doi.wiley.com/10.1002/9781118892114.ch5},
    address = {Hoboken, NJ, USA},
    isbn = {9781118892114},
    doi = {10.1002/9781118892114.ch5}
}

@incollection{Nrskov2014ActivityMaps,
    title = {{Activity and Selectivity Maps}},
    year = {2014},
    booktitle = {Fundamental Concepts in Heterogeneous Catalysis},
    author = {N{\o}rskov, Jens K. and Studt, Felix and Abild-Pedersen, Frank and Bligaard, Thomas},
    chapter = {7},
    month = {8},
    pages = {97--113},
    publisher = {John Wiley {\&} Sons, Inc},
    url = {http://doi.wiley.com/10.1002/9781118892114.ch7},
    address = {Hoboken, NJ, USA},
    isbn = {9781118892114},
    doi = {10.1002/9781118892114.ch7}
}

@article{Nrskov2014SurfaceElectrocatalysis,
    title = {{Surface Electrocatalysis}},
    year = {2014},
    journal = {Fundamental Concepts in Heterogeneous Catalysis},
    author = {N{\o}rskov, Jens K. and Studt, Felix and Abild-Pedersen, Frank and Bligaard, Thomas},
    month = {8},
    pages = {155--174},
    publisher = {John Wiley {\&} Sons, Inc},
    url = {http://doi.wiley.com/10.1002/9781118892114.ch11 http://onlinelibrary.wiley.com/doi/10.1002/9781118892114.ch11/summary%5Cnhttp://onlinelibrary.wiley.com/store/10.1002/9781118892114.ch11/asset/ch11.pdf?v=1&t=i7urzdqp&s=f9dbcf45661730201aab05b38254d1209727c9},
    address = {Hoboken, NJ, USA},
    isbn = {9781118892114},
    doi = {10.1002/9781118892114.ch11}
}

@incollection{2014RelationStructure,
    title = {{Relation of Activity to Surface Electronic Structure}},
    year = {2014},
    booktitle = {Fundamental Concepts in Heterogeneous Catalysis},
    month = {8},
    pages = {175--194},
    publisher = {John Wiley {\&} Sons, Inc},
    url = {http://doi.wiley.com/10.1002/9781118892114.ch12},
    address = {Hoboken, NJ, USA},
    doi = {10.1002/9781118892114.ch12}
}

@incollection{2016SupplementaryImages,
    title = {{Supplementary Images}},
    year = {2016},
    booktitle = {Carotenoids},
    month = {8},
    pages = {a1-a16},
    publisher = {John Wiley {\&} Sons, Inc},
    url = {http://doi.wiley.com/10.1002/9781118892114.ins1 http://doi.wiley.com/10.1002/9781118622223.ins1},
    address = {Hoboken, NJ, USA},
    isbn = {9781119028000},
    doi = {10.1002/9781118622223.ins1},
    issn = {1098-6596},
    pmid = {25246403},
    arxivId = {arXiv:1011.1669v3}
}

@incollection{2014Index,
    title = {{Index}},
    year = {2014},
    booktitle = {Fundamental Concepts in Heterogeneous Catalysis},
    month = {8},
    pages = {195--196},
    publisher = {John Wiley {\&} Sons, Inc},
    url = {http://doi.wiley.com/10.1002/9781118892114.index},
    address = {Hoboken, NJ, USA},
    doi = {10.1002/9781118892114.index}
}

@article{Hansen2014UnifyingSurfaces,
    title = {{Unifying kinetic and thermodynamic analysis of 2 e- and 4 e - reduction of oxygen on metal surfaces}},
    year = {2014},
    journal = {Journal of Physical Chemistry C},
    author = {Hansen, Heine A. and Viswanathan, Venkatasubramanian and N{\o}rskov, Jens K.},
    number = {13},
    month = {4},
    pages = {6706--6718},
    volume = {118},
    publisher = {American Chemical Society},
    url = {http://pubs.acs.org/doi/10.1021/jp4100608},
    isbn = {1932-7447},
    doi = {10.1021/jp4100608},
    issn = {19327447},
    pmid = {26292231}
}

@article{He2017ImportanceElectrocatalysts,
    title = {{Importance of Solvation for the Accurate Prediction of Oxygen Reduction Activities of Pt-Based Electrocatalysts}},
    year = {2017},
    journal = {Journal of Physical Chemistry Letters},
    author = {He, Zheng Da and Hanselman, Selwyn and Chen, Yan Xia and Koper, Marc T.M. and Calle-Vallejo, Federico},
    number = {10},
    month = {5},
    pages = {2243--2246},
    volume = {8},
    publisher = {American Chemical Society},
    url = {http://pubs.acs.org/doi/abs/10.1021/acs.jpclett.7b01018},
    doi = {10.1021/acs.jpclett.7b01018},
    issn = {19487185}
}

@article{Hansen2008SurfaceDFT,
    title = {{Surface Pourbaix diagrams and oxygen reduction activity of Pt, Ag and Ni(111) surfaces studied by DFT}},
    year = {2008},
    journal = {Physical Chemistry Chemical Physics},
    author = {Hansen, Heine A. and Rossmeisl, Jan and N{\o}rskov, Jens K.},
    number = {25},
    month = {7},
    pages = {3722},
    volume = {10},
    url = {http://www.ncbi.nlm.nih.gov/pubmed/18563233 http://xlink.rsc.org/?DOI=b803956a},
    isbn = {1463-9076},
    doi = {10.1039/b803956a},
    issn = {1463-9076},
    pmid = {18563233},
    arxivId = {09383}
}

@article{MercadoForceFrameworks,
    title = {{Force Field Development from Periodic Density Functional Theory Calculations for Gas Separation Applications Using Metal−Organic Frameworks}},
    author = {Mercado, Rocio and Vlaisavljevich, Bess and Lin, Li-Chiang and Lee, Kyuho and Lee, Yongjin and Mason, Jarad A and Xiao, Dianne J and Gonzalez, Miguel I and Kapelewski, Matthew T and Neaton, Jeffrey B and Smit, Berend},
    url = {http://pubs.acs.org/doi/pdf/10.1021/acs.jpcc.6b03393},
    doi = {10.1021/acs.jpcc.6b03393}
}

@article{Gani2018UnderstandingO,
    title = {{Understanding and Breaking Scaling Relations in Single-Site Catalysis: Methane to Methanol Conversion by Fe <sup>IV</sup> ═O}},
    year = {2018},
    journal = {ACS Catalysis},
    author = {Gani, Terry Z. H. and Kulik, Heather J.},
    month = {1},
    pages = {975--986},
    publisher = {American Chemical Society},
    url = {http://pubs.acs.org/doi/10.1021/acscatal.7b03597},
    doi = {10.1021/acscatal.7b03597},
    issn = {2155-5435},
    keywords = {catalyst design, density functional theory, high-throughput screening, iron-oxo, linear scaling relations, methane activation, minimal models, single-site catalysis}
}

@article{Tripkovic2017ThermodynamicSolutions,
    title = {{Thermodynamic assessment of the oxygen reduction activity in aqueous solutions}},
    year = {2017},
    journal = {Physical Chemistry Chemical Physics},
    author = {Tripkovic, Vladimir},
    number = {43},
    month = {11},
    pages = {29381--29388},
    volume = {19},
    publisher = {Royal Society of Chemistry},
    url = {http://xlink.rsc.org/?DOI=C7CP05448C},
    doi = {10.1039/C7CP05448C},
    issn = {1463-9076}
}

@article{Calle-Vallejo2017HowThem,
    title = {{How covalence breaks adsorption-energy scaling relations and solvation restores them}},
    year = {2017},
    journal = {Chemical Science},
    author = {Calle-Vallejo, Federico and Krabbe, Alexander and Garc{\'{i}}a-Lastra, Juan M.},
    number = {1},
    month = {12},
    pages = {124--130},
    volume = {8},
    publisher = {The Royal Society of Chemistry},
    url = {http://xlink.rsc.org/?DOI=C6SC02123A},
    doi = {10.1039/C6SC02123A},
    issn = {2041-6520}
}

@article{Gani2018UnderstandingOb,
    title = {{Understanding and Breaking Scaling Relations in Single-Site Catalysis: Methane to Methanol Conversion by Fe <sup>IV</sup> ═O}},
    year = {2018},
    journal = {ACS Catalysis},
    author = {Gani, Terry Z. H. and Kulik, Heather J.},
    month = {1},
    pages = {975--986},
    publisher = {American Chemical Society},
    url = {http://pubs.acs.org/doi/10.1021/acscatal.7b03597},
    doi = {10.1021/acscatal.7b03597},
    issn = {2155-5435},
    keywords = {catalyst design, density functional theory, high-throughput screening, iron-oxo, linear scaling relations, methane activation, minimal models, single-site catalysis}
}

@article{Butler2014ElectronicFrameworks,
    title = {{Electronic Chemical Potentials of Porous Metal–Organic Frameworks}},
    year = {2014},
    journal = {Journal of the American Chemical Society},
    author = {Butler, Keith T. and Hendon, Christopher H. and Walsh, Aron},
    number = {7},
    month = {2},
    pages = {2703--2706},
    volume = {136},
    publisher = {American Chemical Society},
    url = {http://pubs.acs.org/doi/10.1021/ja4110073},
    doi = {10.1021/ja4110073},
    issn = {0002-7863}
}

@article{Hummer2009Heyd-Scuseria-ErnzerhofSemiconductors,
    title = {{Heyd-Scuseria-Ernzerhof hybrid functional for calculating the lattice dynamics of semiconductors}},
    year = {2009},
    journal = {Physical Review B},
    author = {Hummer, Kerstin and Harl, Judith and Kresse, Georg},
    number = {11},
    month = {9},
    pages = {115205},
    volume = {80},
    publisher = {American Physical Society},
    url = {https://link.aps.org/doi/10.1103/PhysRevB.80.115205},
    doi = {10.1103/PhysRevB.80.115205},
    issn = {1098-0121}
}

@article{Kim2009AccurateFunctionals,
    title = {{Accurate band structures and effective masses for InP, InAs, and InSb using hybrid functionals}},
    year = {2009},
    journal = {Physical Review B},
    author = {Kim, Yoon-Suk and Hummer, Kerstin and Kresse, Georg},
    number = {3},
    month = {7},
    pages = {035203},
    volume = {80},
    publisher = {American Physical Society},
    url = {https://link.aps.org/doi/10.1103/PhysRevB.80.035203},
    doi = {10.1103/PhysRevB.80.035203},
    issn = {1098-0121}
}

@article{Wrobel2009CalculationsFunctional,
    title = {{Calculations of ZnO properties using the Heyd-Scuseria-Ernzerhof screened hybrid density functional}},
    year = {2009},
    journal = {Physical Review B},
    author = {Wr{\'{o}}bel, Jan and Kurzyd{\l}owski, Krzysztof J. and Hummer, Kerstin and Kresse, Georg and Piechota, Jacek},
    number = {15},
    month = {10},
    pages = {155124},
    volume = {80},
    publisher = {American Physical Society},
    url = {https://link.aps.org/doi/10.1103/PhysRevB.80.155124},
    doi = {10.1103/PhysRevB.80.155124},
    issn = {1098-0121}
}

@article{Mercado2016ForceFrameworks,
    title = {{Force Field Development from Periodic Density Functional Theory Calculations for Gas Separation Applications Using Metal–Organic Frameworks}},
    year = {2016},
    journal = {The Journal of Physical Chemistry C},
    author = {Mercado, Rocio and Vlaisavljevich, Bess and Lin, Li-Chiang and Lee, Kyuho and Lee, Yongjin and Mason, Jarad A. and Xiao, Dianne J. and Gonzalez, Miguel I. and Kapelewski, Matthew T. and Neaton, Jeffrey B. and Smit, Berend},
    number = {23},
    month = {6},
    pages = {12590--12604},
    volume = {120},
    publisher = {American Chemical Society},
    url = {http://pubs.acs.org/doi/10.1021/acs.jpcc.6b03393},
    doi = {10.1021/acs.jpcc.6b03393},
    issn = {1932-7447}
}

@article{Karlberg2007EstimationsTheory,
    title = {{Estimations of electric field effects on the oxygen reduction reaction based on the density functional theory}},
    year = {2007},
    journal = {Physical Chemistry Chemical Physics},
    author = {Karlberg, G. S. and Rossmeisl, J. and N{\o}rskov, J. K.},
    number = {37},
    month = {9},
    pages = {5158},
    volume = {9},
    publisher = {Royal Society of Chemistry},
    url = {http://xlink.rsc.org/?DOI=b705938h},
    doi = {10.1039/b705938h},
    issn = {1463-9076}
}

@article{Resasco2017PromoterDioxide,
    title = {{Promoter Effects of Alkali Metal Cations on the Electrochemical Reduction of Carbon Dioxide}},
    year = {2017},
    journal = {Journal of the American Chemical Society},
    author = {Resasco, Joaquin and Chen, Leanne D. and Clark, Ezra and Tsai, Charlie and Hahn, Christopher and Jaramillo, Thomas F. and Chan, Karen and Bell, Alexis T.},
    number = {32},
    month = {8},
    pages = {11277--11287},
    volume = {139},
    publisher = {American Chemical Society},
    url = {http://pubs.acs.org/doi/10.1021/jacs.7b06765},
    doi = {10.1021/jacs.7b06765},
    issn = {0002-7863}
}

@article{Chen2016ElectricReduction,
    title = {{Electric Field Effects in Electrochemical CO <sub>2</sub> Reduction}},
    year = {2016},
    journal = {ACS Catalysis},
    author = {Chen, Leanne D. and Urushihara, Makoto and Chan, Karen and N{\o}rskov, Jens K.},
    number = {10},
    month = {10},
    pages = {7133--7139},
    volume = {6},
    publisher = {American Chemical Society},
    url = {http://pubs.acs.org/doi/10.1021/acscatal.6b02299},
    doi = {10.1021/acscatal.6b02299},
    issn = {2155-5435},
    keywords = {CO2 reduction, density functional theory, field effects}
}

@article{Kirchmair0Screening,
    title = {{0 Consideration of Water and Solvation Effects in Virtual Screening 264j 10 Consideration of Water and Solvation Effects in Virtual Screening}},
    author = {Kirchmair, Johannes and Spitzer, Gudrun M and Liedl, Klaus R},
    url = {http://onlinelibrary.wiley.com/store/10.1002/9783527633326.ch10/asset/ch10.pdf?v=1&t=jduo81on&s=7a8e93c46a05e3a357b73f61949ba174c73e3f8c},
    isbn = {978-3-527-32636-5}
}

@article{Schnur2009PropertiesPrinciples,
    title = {{Properties of metal–water interfaces studied from first principles}},
    year = {2009},
    journal = {New Journal of Physics},
    author = {Schnur, Sebastian and Gro{\ss}, Axel},
    number = {12},
    month = {12},
    pages = {125003},
    volume = {11},
    publisher = {IOP Publishing},
    url = {http://stacks.iop.org/1367-2630/11/i=12/a=125003?key=crossref.29b6469f4fce046bfa0a5b103a229f32},
    doi = {10.1088/1367-2630/11/12/125003},
    issn = {1367-2630}
}

@article{Natarajan2016NeuralSurfaces,
    title = {{Neural network molecular dynamics simulations of solid–liquid interfaces: water at low-index copper surfaces}},
    year = {2016},
    journal = {Physical Chemistry Chemical Physics},
    author = {Natarajan, Suresh Kondati and Behler, Jörg},
    number = {41},
    month = {10},
    pages = {28704--28725},
    volume = {18},
    publisher = {Royal Society of Chemistry},
    url = {http://xlink.rsc.org/?DOI=C6CP05711J},
    doi = {10.1039/C6CP05711J},
    issn = {1463-9076}
}

@article{Nie2013SelectivitySteps,
    title = {{Selectivity of CO <sub>2</sub> Reduction on Copper Electrodes: The Role of the Kinetics of Elementary Steps}},
    year = {2013},
    journal = {Angewandte Chemie International Edition},
    author = {Nie, Xiaowa and Esopi, Monica R. and Janik, Michael J. and Asthagiri, Aravind},
    number = {9},
    month = {2},
    pages = {2459--2462},
    volume = {52},
    publisher = {WILEY‐VCH Verlag},
    url = {http://doi.wiley.com/10.1002/anie.201208320},
    doi = {10.1002/anie.201208320},
    issn = {14337851},
    keywords = {carbon dioxide, density functional calculations, heterogeneous catalysis, kinetics, renewable energy}
}

@article{Gounder2013TheDimensions,
    title = {{The catalytic diversity of zeolites: confinement and solvation effects within voids of molecular dimensions}},
    year = {2013},
    journal = {Chemical Communications},
    author = {Gounder, Rajamani and Iglesia, Enrique},
    number = {34},
    month = {4},
    pages = {3491},
    volume = {49},
    publisher = {Royal Society of Chemistry},
    url = {http://xlink.rsc.org/?DOI=c3cc40731d},
    doi = {10.1039/c3cc40731d},
    issn = {1359-7345}
}

@article{Stecher2016First-Principles,
    title = {{First-Principles Free-Energy Barriers for Photoelectrochemical Surface Reactions: Proton Abstraction at     TiO   2   ( 110 )}},
    year = {2016},
    journal = {Physical Review Letters},
    author = {Stecher, Thomas and Reuter, Karsten and Oberhofer, Harald},
    number = {27},
    month = {12},
    pages = {276001},
    volume = {117},
    publisher = {American Physical Society},
    url = {https://link.aps.org/doi/10.1103/PhysRevLett.117.276001},
    doi = {10.1103/PhysRevLett.117.276001},
    issn = {0031-9007}
}

@article{Vasilevskaya2016PeriodicTests,
    title = {{Periodic Boundary Conditions in QM/MM Calculations: Implementation and Tests}},
    year = {2016},
    journal = {Journal of Chemical Theory and Computation},
    author = {Vasilevskaya, Tatiana and Thiel, Walter},
    number = {8},
    month = {8},
    pages = {3561--3570},
    volume = {12},
    publisher = {American Chemical Society},
    url = {http://pubs.acs.org/doi/10.1021/acs.jctc.6b00269},
    doi = {10.1021/acs.jctc.6b00269},
    issn = {1549-9618}
}

@article{Stecher2016First-Principlesb,
    title = {{First-Principles Free-Energy Barriers for Photoelectrochemical Surface Reactions: Proton Abstraction at     TiO   2   ( 110 )}},
    year = {2016},
    journal = {Physical Review Letters},
    author = {Stecher, Thomas and Reuter, Karsten and Oberhofer, Harald},
    number = {27},
    month = {12},
    pages = {276001},
    volume = {117},
    publisher = {American Physical Society},
    url = {https://link.aps.org/doi/10.1103/PhysRevLett.117.276001},
    doi = {10.1103/PhysRevLett.117.276001},
    issn = {0031-9007}
}

@article{Viswanathan2012UniversalitySurfaces,
    title = {{Universality in oxygen reduction electrocatalysis on metal surfaces}},
    year = {2012},
    journal = {ACS Catalysis},
    author = {Viswanathan, Venkatasubramanian and Hansen, Heine Anton and Rossmeisl, Jan and N{\o}rskov, Jens K.},
    number = {8},
    month = {8},
    pages = {1654--1660},
    volume = {2},
    publisher = {American Chemical Society},
    url = {http://pubs.acs.org/doi/10.1021/cs300227s},
    isbn = {2155-5435},
    doi = {10.1021/cs300227s},
    issn = {21555435},
    keywords = {activity volcano, electrocatalysis, fuel cells, nanoparticles, oxygen reduction}
}

@article{Dubbeldam2016RASPA:Materialsb,
    title = {{RASPA: Molecular simulation software for adsorption and diffusion in flexible nanoporous materials}},
    year = {2016},
    journal = {Molecular Simulation},
    author = {Dubbeldam, David and Calero, Sofía and Ellis, Donald E. and Snurr, Randall Q.},
    number = {2},
    month = {1},
    pages = {81--101},
    volume = {42},
    publisher = {Taylor {\&} Francis},
    url = {http://www.tandfonline.com/doi/full/10.1080/08927022.2015.1010082},
    isbn = {0892-7022},
    doi = {10.1080/08927022.2015.1010082},
    issn = {10290435},
    arxivId = {08927022.2015.1010082},
    keywords = {Monte Carlo, adsorption, diffusion, molecular dynamics, molecular simulation, software}
}

@article{Dubbeldam2016RASPA:Materialsc,
    title = {{RASPA: Molecular simulation software for adsorption and diffusion in flexible nanoporous materials}},
    year = {2016},
    journal = {Molecular Simulation},
    author = {Dubbeldam, David and Calero, Sofía and Ellis, Donald E. and Snurr, Randall Q.},
    number = {2},
    month = {1},
    pages = {81--101},
    volume = {42},
    publisher = {Taylor {\&} Francis},
    url = {http://www.tandfonline.com/doi/full/10.1080/08927022.2015.1010082},
    isbn = {0892-7022},
    doi = {10.1080/08927022.2015.1010082},
    issn = {10290435},
    arxivId = {08927022.2015.1010082},
    keywords = {Monte Carlo, adsorption, diffusion, molecular dynamics, molecular simulation, software}
}

@misc{Reda2018DFTCatalysis,
    title = {{DFT study of stabilization effects on N-doped graphene for ORR catalysis}},
    year = {2018},
    booktitle = {Catalysis Today},
    author = {Reda, Mateusz and Hansen, Heine Anton and Vegge, Tejs},
    month = {2},
    publisher = {Elsevier},
    url = {https://www.sciencedirect.com/science/article/pii/S092058611830066X},
    doi = {10.1016/j.cattod.2018.02.015},
    issn = {09205861},
    keywords = {Density functional theory, Explicit solvation, N-doped graphene, Oxygen reduction reaction}
}

@article{Mathew2014ImplicitPathways,
    title = {{Implicit solvation model for density-functional study of nanocrystal surfaces and reaction pathways}},
    year = {2014},
    journal = {Journal of Chemical Physics},
    author = {Mathew, Kiran and Sundararaman, Ravishankar and Letchworth-Weaver, Kendra and Arias, T. A. and Hennig, Richard G.},
    number = {8},
    month = {2},
    pages = {084106},
    volume = {140},
    publisher = {American Institute of Physics},
    url = {http://aip.scitation.org/doi/10.1063/1.4865107},
    doi = {10.1063/1.4865107},
    issn = {00219606},
    pmid = {24588147},
    arxivId = {1310.4242},
    keywords = {ab initio calculations, density functional theory, nanostructured materials, solvation, surface energy}
}

@article{Mathew2016ImplicitTheory,
    title = {{Implicit self-consistent description of electrolyte in plane-wave density-functional theory}},
    year = {2016},
    author = {Mathew, Kiran and Hennig, Richard G.},
    month = {1},
    url = {http://arxiv.org/abs/1601.03346},
    arxivId = {1601.03346}
}

@article{Lee2010Higher-accuracyFunctional,
    title = {{Higher-accuracy van der Waals density functional}},
    year = {2010},
    journal = {Physical Review B - Condensed Matter and Materials Physics},
    author = {Lee, Kyuho and Murray, Éamonn D. and Kong, Lingzhu and Lundqvist, Bengt I. and Langreth, David C.},
    number = {8},
    month = {8},
    pages = {081101},
    volume = {82},
    publisher = {American Physical Society},
    url = {https://link.aps.org/doi/10.1103/PhysRevB.82.081101},
    isbn = {1098-0121},
    doi = {10.1103/PhysRevB.82.081101},
    issn = {10980121},
    arxivId = {arXiv:1003.5255v2}
}

@article{Yu2011OxygenStudy,
    title = {{Oxygen reduction reaction mechanism on nitrogen-doped graphene: A density functional theory study}},
    year = {2011},
    journal = {Journal of Catalysis},
    author = {Yu, Liang and Pan, Xiulian and Cao, Xiaoming and Hu, P. and Bao, Xinhe},
    number = {1},
    month = {8},
    pages = {183--190},
    volume = {282},
    publisher = {Academic Press},
    url = {https://www.sciencedirect.com/science/article/pii/S0021951711002016},
    isbn = {0021-9517},
    doi = {10.1016/j.jcat.2011.06.015},
    issn = {00219517},
    keywords = {Catalysis, Density functional theory, Nitrogen-doped graphene, Oxygen reduction reaction mechanism, Reaction kinetics}
}

@misc{Zhu2017Single-AtomElectrocatalysts,
    title = {{Single-Atom Electrocatalysts}},
    year = {2017},
    booktitle = {Angewandte Chemie - International Edition},
    author = {Zhu, Chengzhou and Fu, Shaofang and Shi, Qiurong and Du, Dan and Lin, Yuehe},
    number = {45},
    month = {11},
    pages = {13944--13960},
    volume = {56},
    publisher = {Wiley-Blackwell},
    url = {http://doi.wiley.com/10.1002/anie.201703864},
    isbn = {14337851},
    doi = {10.1002/anie.201703864},
    issn = {15213773},
    pmid = {28544221},
    keywords = {electrocatalysis, electrochemistry, energy generation, single-atom catalysts, supported catalysts}
}

@article{Liu2016ElectrochemicalMedium,
    title = {{Electrochemical and computational study of oxygen reduction reaction on nonprecious transition metal/nitrogen doped carbon nanofibers in acid medium}},
    year = {2016},
    journal = {Journal of Physical Chemistry C},
    author = {Liu, Kexi and Kattel, Shyam and Mao, Victor and Wang, Guofeng},
    number = {3},
    month = {1},
    pages = {1586--1596},
    volume = {120},
    publisher = {American Chemical Society},
    url = {http://pubs.acs.org/doi/10.1021/acs.jpcc.5b10334},
    doi = {10.1021/acs.jpcc.5b10334},
    issn = {19327455}
}

@article{Calle-Vallejo2016HowThem,
    title = {{How covalence breaks adsorption-energy scaling relations and solvation restores them}},
    year = {2016},
    journal = {Chemical Science},
    author = {Calle-Vallejo, Federico and Krabbe, Alexander and Garc{\'{i}}a-Lastra, Juan M.},
    number = {1},
    month = {12},
    pages = {124--130},
    volume = {8},
    publisher = {Royal Society of Chemistry},
    url = {http://xlink.rsc.org/?DOI=C6SC02123A},
    doi = {10.1039/C6SC02123A},
    issn = {20416539},
    pmid = {28451156}
}

@article{Calle-Vallejo2013OxygenProtoporphyrins,
    title = {{Oxygen reduction and evolution at single-metal active sites: Comparison between functionalized graphitic materials and protoporphyrins}},
    year = {2013},
    journal = {Surface Science},
    author = {Calle-Vallejo, F. and Mart{\'{i}}nez, J. I. and Garc{\'{i}}a-Lastra, J. M. and Abad, E. and Koper, M. T.M.},
    month = {1},
    pages = {47--53},
    volume = {607},
    publisher = {North-Holland},
    url = {https://www.sciencedirect.com/science/article/pii/S0039602812002944?via%3Dihub#bb0180 http://linkinghub.elsevier.com/retrieve/pii/S0039602812002944},
    isbn = {0039-6028},
    doi = {10.1016/j.susc.2012.08.005},
    issn = {00396028},
    keywords = {DFT, Electrocatalysis, Functionalized graphitic materials, Oxygen reduction and evolution reactions, Porphyrins, Sabatier analysis}
}

@article{Iftimie2003AnSolution,
    title = {{An efficient Monte Carlo method for calculating ab initio transition state theory reaction rates in solution}},
    year = {2003},
    journal = {The Journal of Chemical Physics},
    author = {Iftimie, Radu and Salahub, Dennis and Schofield, Jeremy},
    number = {21},
    month = {12},
    pages = {11285--11297},
    volume = {119},
    publisher = {American Institute of Physics},
    url = {http://aip.scitation.org/doi/10.1063/1.1622653},
    doi = {10.1063/1.1622653},
    issn = {0021-9606},
    keywords = {Monte Carlo methods, Schrodinger equation, ab initio calculations, chemical exchanges, reaction kinetics theory, reaction rate constants}
}

@article{Stecher2016First-Principles110,
    title = {{First-Principles Free-Energy Barriers for Photoelectrochemical Surface Reactions: Proton Abstraction at TiO2 (110)}},
    year = {2016},
    journal = {Physical Review Letters},
    author = {Stecher, Thomas and Reuter, Karsten and Oberhofer, Harald},
    number = {27},
    month = {12},
    pages = {276001},
    volume = {117},
    publisher = {American Physical Society},
    url = {https://link.aps.org/doi/10.1103/PhysRevLett.117.276001},
    doi = {10.1103/PhysRevLett.117.276001},
    issn = {10797114}
}

@article{Govindarajan2018DoesElectrocatalysis,
    title = {{Does the breaking of adsorption-energy scaling relations guarantee enhanced electrocatalysis?}},
    year = {2018},
    journal = {Current Opinion in Electrochemistry},
    author = {Govindarajan, Nitish and Garc{\'{i}}a-Lastra, Juan M. and Meijer, Evert Jan and Calle-Vallejo, Federico},
    month = {3},
    publisher = {Elsevier},
    url = {https://www.sciencedirect.com/science/article/pii/S2451910317301709},
    doi = {10.1016/J.COELEC.2018.03.025},
    issn = {2451-9103}
}

@article{Pegis2018OxygenElectrocatalysts,
    title = {{Oxygen Reduction by Homogeneous Molecular Catalysts and Electrocatalysts}},
    year = {2018},
    journal = {Chemical Reviews},
    author = {Pegis, Michael L. and Wise, Catherine F. and Martin, Daniel J. and Mayer, James M.},
    number = {5},
    month = {3},
    pages = {2340--2391},
    volume = {118},
    publisher = {American Chemical Society},
    url = {http://pubs.acs.org/doi/10.1021/acs.chemrev.7b00542},
    doi = {10.1021/acs.chemrev.7b00542},
    issn = {0009-2665}
}

@article{Orellana2013CatalyticMechanisms,
    title = {{Catalytic properties of transition metal-N4 moieties in graphene for the oxygen reduction reaction: Evidence of spin-dependent mechanisms}},
    year = {2013},
    journal = {Journal of Physical Chemistry C},
    author = {Orellana, Walter},
    number = {19},
    month = {5},
    pages = {9812--9818},
    volume = {117},
    publisher = {American Chemical Society},
    url = {http://pubs.acs.org/doi/10.1021/jp4002115},
    isbn = {1932-7447},
    doi = {10.1021/jp4002115},
    issn = {19327447}
}

@article{McClure2016SensitivityClusters,
    title = {{Sensitivity of Density Functional Theory Methodology for Oxygen Reduction Reaction Predictions on Fe-N4-Containing Graphitic Clusters}},
    year = {2016},
    journal = {Journal of Physical Chemistry C},
    author = {McClure, Joshua P. and Borodin, Oleg and Olguin, Marco and Chu, Deryn and Fedkiw, Peter S.},
    number = {50},
    month = {12},
    pages = {28545--28562},
    volume = {120},
    publisher = {American Chemical Society},
    url = {http://pubs.acs.org/doi/10.1021/acs.jpcc.6b08498},
    doi = {10.1021/acs.jpcc.6b08498},
    issn = {19327455}
}

@article{Baran2014AnalysisH2O,
    title = {{Analysis of porphyrines as catalysts for electrochemical reduction of O2 and oxidation of H2O}},
    year = {2014},
    journal = {Journal of the American Chemical Society},
    author = {Baran, Jakub D. and Gr{\"{o}}nbeck, Henrik and Hellman, Anders},
    number = {4},
    month = {1},
    pages = {1320--1326},
    volume = {136},
    publisher = {American Chemical Society},
    url = {http://pubs.acs.org/doi/10.1021/ja4060299},
    isbn = {0002-7863},
    doi = {10.1021/ja4060299},
    issn = {00027863},
    pmid = {24377877}
}

@article{Calle-Vallejo2011DensityReactions,
    title = {{Density functional studies of functionalized graphitic materials with late transition metals for oxygen reduction reactions}},
    year = {2011},
    journal = {Physical Chemistry Chemical Physics},
    author = {Calle-Vallejo, Federico and Mart{\'{i}}nez, José Ignacio and Rossmeisl, Jan},
    number = {34},
    month = {8},
    pages = {15639},
    volume = {13},
    publisher = {Royal Society of Chemistry},
    url = {http://xlink.rsc.org/?DOI=c1cp21228a},
    isbn = {0166-1280},
    doi = {10.1039/c1cp21228a},
    issn = {1463-9076},
    pmid = {21796295}
}

@article{Kattel2013CatalyticStudy,
    title = {{Catalytic activity of Co–N x /C electrocatalysts for oxygen reduction reaction: a density functional theory study}},
    year = {2013},
    journal = {Phys. Chem. Chem. Phys.},
    author = {Kattel, Shyam and Atanassov, Plamen and Kiefer, Boris},
    number = {1},
    month = {11},
    pages = {148--153},
    volume = {15},
    publisher = {Royal Society of Chemistry},
    url = {http://xlink.rsc.org/?DOI=C2CP42609A},
    isbn = {1463-9076},
    doi = {10.1039/C2CP42609A},
    issn = {1463-9076}
}

@misc{Sperger2015ComputationalInsights,
    title = {{Computational Studies of Synthetically Relevant Homogeneous Organometallic Catalysis Involving Ni, Pd, Ir, and Rh: An Overview of Commonly Employed DFT Methods and Mechanistic Insights}},
    year = {2015},
    booktitle = {Chemical Reviews},
    author = {Sperger, Theresa and Sanhueza, Italo A. and Kalvet, Indrek and Schoenebeck, Franziska},
    number = {17},
    month = {9},
    pages = {9532--9586},
    volume = {115},
    publisher = {American Chemical Society},
    url = {http://pubs.acs.org/doi/10.1021/acs.chemrev.5b00163},
    isbn = {0009-2665},
    doi = {10.1021/acs.chemrev.5b00163},
    issn = {15206890},
    pmid = {26207572}
}

@article{Mussell2016DensityCells,
    title = {{Density Functional Theory Study of Iron Phthalocyanine Porous Layer Deposited on Graphene Substrate: A Pt-Free Electrocatalyst for Hydrogen Fuel Cells}},
    year = {2016},
    journal = {Journal of Physical Chemistry C},
    author = {Mussell, Sean and Choudhury, Pabitra},
    number = {10},
    month = {3},
    pages = {5384--5391},
    volume = {120},
    publisher = {American Chemical Society},
    url = {http://pubs.acs.org/doi/10.1021/acs.jpcc.5b10327},
    doi = {10.1021/acs.jpcc.5b10327},
    issn = {19327455}
}

@article{Kim2017OxygenTheory,
    title = {{Oxygen reduction reaction at porphyrin-based electrochemical catalysts: Mechanistic effects of pH and spin states studied by density functional theory}},
    year = {2017},
    journal = {Catalysis Today},
    author = {Kim, Sungmin and Kim, Hyungjun},
    month = {10},
    pages = {119--124},
    volume = {295},
    publisher = {Elsevier},
    url = {https://www.sciencedirect.com/science/article/pii/S0920586117303164},
    doi = {10.1016/j.cattod.2017.05.007},
    issn = {09205861},
    keywords = {Fuel cells, Iron porphyrin catalysts, Oxygen reduction reaction, Spin state, pH effect}
}

@article{Sha2010TheoreticalReaction,
    title = {{Theoretical Study of Solvent Effects on the Platinum-Catalyzed Oxygen Reduction Reaction}},
    year = {2010},
    journal = {The Journal of Physical Chemistry Letters},
    author = {Sha, Yao and Yu, Ted H. and Liu, Yi and Merinov, Boris V. and Goddard, William A.},
    number = {5},
    month = {3},
    pages = {856--861},
    volume = {1},
    publisher = {American Chemical Society},
    url = {http://pubs.acs.org/doi/10.1021/jz9003153 http://pubs.acs.org/doi/abs/10.1021/jz9003153},
    isbn = {1948-7185},
    doi = {10.1021/jz9003153},
    issn = {1948-7185},
    keywords = {DFT, ORR, PBE, Poisson−Boltzmann solvation, fuel cells, platinum cathode, solvent effect}
}

@article{Goedecker2004MinimaSystems,
    title = {{Minima hopping: An efficient search method for the global minimum of the potential energy surface of complex molecular systems}},
    year = {2004},
    journal = {The Journal of Chemical Physics},
    author = {Goedecker, Stefan},
    number = {21},
    month = {6},
    pages = {9911--9917},
    volume = {120},
    url = {http://aip.scitation.org/doi/10.1063/1.1724816},
    isbn = {0021-9606},
    doi = {10.1063/1.1724816},
    issn = {0021-9606},
    pmid = {15268009},
    arxivId = {cond-mat/0402136}
}

@article{Hansen2017ModellingScale,
    title = {{Modelling pH and Potential in Dynamic Structures of the Water/Pt(111) Interface on the Atomic Scale}},
    year = {2017},
    journal = {Phys. Chem. Chem. Phys.},
    author = {Hansen, Martin Hangaard Hangaard and Nilsson, Anders and Rosmeisl, Jan},
    doi = {10.1039/C7CP03576D},
    issn = {1463-9076}
}

@article{Hansen2017ModellingScaleb,
    title = {{Modelling pH and potential in dynamic structures of the water/Pt(111) interface on the atomic scale}},
    year = {2017},
    journal = {Physical Chemistry Chemical Physics},
    author = {Hansen, Martin Hangaard and Nilsson, Anders and Rossmeisl, Jan},
    number = {34},
    month = {8},
    pages = {23505--23514},
    volume = {19},
    publisher = {Royal Society of Chemistry},
    url = {http://xlink.rsc.org/?DOI=C7CP03576D},
    doi = {10.1039/C7CP03576D},
    issn = {1463-9076}
}

@article{Schwarz2012FrameworkCarlo,
    title = {{Framework for solvation in quantum Monte Carlo}},
    year = {2012},
    journal = {Physical Review B},
    author = {Schwarz, Kathleen A. and Sundararaman, Ravishankar and Letchworth-Weaver, Kendra and Arias, T. A. and Hennig, Richard G.},
    number = {20},
    month = {5},
    pages = {201102},
    volume = {85},
    publisher = {American Physical Society},
    url = {https://link.aps.org/doi/10.1103/PhysRevB.85.201102},
    doi = {10.1103/PhysRevB.85.201102},
    issn = {1098-0121}
}

@article{Beutler1994AvoidingSimulations,
    title = {{Avoiding singularities and numerical instabilities in free energy calculations based on molecular simulations}},
    year = {1994},
    journal = {Chemical Physics Letters},
    author = {Beutler, Thomas C. and Mark, Alan E. and van Schaik, René C. and Gerber, Paul R. and van Gunsteren, Wilfred F.},
    number = {6},
    month = {6},
    pages = {529--539},
    volume = {222},
    publisher = {North-Holland},
    url = {https://www.sciencedirect.com/science/article/pii/0009261494003971?via%3Dihub http://linkinghub.elsevier.com/retrieve/pii/0009261494003971},
    isbn = {0009-2614},
    doi = {10.1016/0009-2614(94)00397-1},
    issn = {00092614}
}

@article{Ramakrishnan2015BigApproach,
    title = {{Big Data Meets Quantum Chemistry Approximations: The {$\Delta$}-Machine Learning Approach}},
    year = {2015},
    journal = {Journal of Chemical Theory and Computation},
    author = {Ramakrishnan, Raghunathan and Dral, Pavlo O. and Rupp, Matthias and von Lilienfeld, O. Anatole},
    number = {5},
    month = {5},
    pages = {2087--2096},
    volume = {11},
    publisher = {American Chemical Society},
    url = {http://pubs.acs.org/doi/10.1021/acs.jctc.5b00099},
    doi = {10.1021/acs.jctc.5b00099},
    issn = {1549-9618}
}

@article{Rupp2015MachineNutshell,
    title = {{Machine learning for quantum mechanics in a nutshell}},
    year = {2015},
    journal = {International Journal of Quantum Chemistry},
    author = {Rupp, Matthias},
    number = {16},
    month = {8},
    pages = {1058--1073},
    volume = {115},
    publisher = {Wiley-Blackwell},
    url = {http://doi.wiley.com/10.1002/qua.24954},
    doi = {10.1002/qua.24954},
    issn = {00207608},
    keywords = {implementation, kernel ridge regression, machine learning, quantum chemistry, tutorial}
}

@article{Kalinin2015BigdeepsmartDesign,
    title = {{Big–deep–smart data in imaging for guiding materials design}},
    year = {2015},
    journal = {Nature Materials},
    author = {Kalinin, Sergei V. and Sumpter, Bobby G. and Archibald, Richard K.},
    number = {10},
    month = {10},
    pages = {973--980},
    volume = {14},
    publisher = {Nature Publishing Group},
    url = {http://www.nature.com/articles/nmat4395},
    doi = {10.1038/nmat4395},
    issn = {1476-1122},
    keywords = {Computational methods, Ferroelectrics and multiferroics, Imaging techniques, Microscopy}
}

@article{Agarwal2017AqueousConditions,
    title = {{Aqueous Au-Pd colloids catalyze selective CH4 oxidation to CH3OH with O2 under mild conditions}},
    year = {2017},
    journal = {Science},
    author = {Agarwal, Nishtha and Freakley, Simon J. and McVicker, Rebecca U. and Althahban, Sultan M. and Dimitratos, Nikolaos and He, Qian and Morgan, David J. and Jenkins, Robert L. and Willock, David J. and Taylor, Stuart H. and Kiely, Christopher J. and Hutchings, Graham J.},
    isbn = {1709071427},
    doi = {10.1126/science.aan6515},
    issn = {10959203},
    pmid = {28882995}
}

@article{Nrskov2004OriginCathodeb,
    title = {{Origin of the Overpotential for Oxygen Reduction at a Fuel-Cell Cathode}},
    year = {2004},
    journal = {The Journal of Physical Chemistry B},
    author = {N{\o}rskov, J. K. and Rossmeisl, J. and Logadottir, A. and Lindqvist, L. and Kitchin, J. R. and Bligaard, T. and J{\'{o}}nsson, H.},
    number = {46},
    month = {11},
    pages = {17886--17892},
    volume = {108},
    url = {http://pubs.acs.org/doi/abs/10.1021/jp047349j},
    isbn = {1520-6106},
    doi = {10.1021/jp047349j},
    issn = {1520-6106},
    pmid = {225079300029}
}

@article{Ehrmaier2018MechanismComplex,
    title = {{Mechanism of photocatalytic water splitting with triazine-based carbon nitrides: insights from ab initio calculations for the triazine-water complex}},
    year = {2018},
    journal = {Physical Chemistry Chemical Physics},
    author = {Ehrmaier, Johannes and Janicki, Mikołaj Jan and Sobolewski, Andrzej L. and Domcke, Wolfgang},
    publisher = {The Royal Society of Chemistry},
    url = {http://pubs.rsc.org/en/Content/ArticleLanding/2018/CP/C8CP01998C},
    doi = {10.1039/C8CP01998C},
    issn = {1463-9076}
}

@article{LIEBOVITCH1994NEURALDYNAMICS,
    title = {{NEURAL NETWORKS TO COMPUTE MOLECULAR DYNAMICS}},
    year = {1994},
    journal = {Journal of Biological Systems},
    author = {LIEBOVITCH, LARRY S. and ARNOLD, NIKITA D. and SELECTOR, LEV Y.},
    number = {02},
    month = {6},
    pages = {193--228},
    volume = {02},
    publisher = { World Scientific Publishing Company },
    url = {http://www.worldscientific.com/doi/abs/10.1142/S0218339094000155},
    doi = {10.1142/S0218339094000155},
    issn = {0218-3390},
    keywords = {Neural network, cyclohexane, kinetics, molecular dynamics, protein motions}
}

@article{Berg2017EvaluationSurfaces,
    title = {{Evaluation and Optimization of Interface Force Fields for Water on Gold Surfaces}},
    year = {2017},
    journal = {Journal of Chemical Theory and Computation},
    author = {Berg, Andrej and Peter, Christine and Johnston, Karen},
    number = {11},
    month = {11},
    pages = {5610--5623},
    volume = {13},
    publisher = {American Chemical Society},
    url = {http://pubs.acs.org/doi/10.1021/acs.jctc.7b00612},
    doi = {10.1021/acs.jctc.7b00612},
    issn = {1549-9618}
}

@article{Xu2018AElectrocatalysts,
    title = {{A universal principle for a rational design of single-atom electrocatalysts}},
    year = {2018},
    journal = {Nature Catalysis},
    author = {Xu, Haoxiang and Cheng, Daojian and Cao, Dapeng and Zeng, Xiao Cheng},
    number = {5},
    month = {5},
    pages = {339--348},
    volume = {1},
    publisher = {Nature Publishing Group},
    url = {http://www.nature.com/articles/s41929-018-0063-z},
    doi = {10.1038/s41929-018-0063-z},
    issn = {2520-1158},
    keywords = {Computational chemistry, Electrocatalysis, Heterogeneous catalysis, Homogeneous catalysis, Organic, inorganic nanostructures}
}

@misc{NeuralBooks,
    title = {{Neural Networks in Chemical Reaction Dynamics - Lionel Raff, Ranga Komanduri, Martin Hagan, Satish Bukkapatnam - Google Books}},
    url = {https://books.google.com/books?id=UA9pAgAAQBAJ&printsec=frontcover&source=gbs_ge_summary_r&cad=0#v=onepage&q&f=false}
}

@article{Montoya2015TheoreticalElectroreduction,
    title = {{Theoretical Insights into a CO Dimerization Mechanism in CO 2 Electroreduction}},
    year = {2015},
    journal = {The Journal of Physical Chemistry Letters},
    author = {Montoya, Joseph H. and Shi, Chuan and Chan, Karen and N{\o}rskov, Jens K.},
    number = {11},
    month = {6},
    pages = {2032--2037},
    volume = {6},
    publisher = {American Chemical Society},
    url = {http://pubs.acs.org/doi/10.1021/acs.jpclett.5b00722 http://pubs.acs.org/doi/abs/10.1021/acs.jpclett.5b00722},
    isbn = {1948-7185},
    doi = {10.1021/acs.jpclett.5b00722},
    issn = {1948-7185},
    pmid = {26266498},
    keywords = {CO2 electroreduction, density functional theory, electrocatalysis, solar fuels}
}

@article{Martins2014PredictionField,
    title = {{Prediction of solvation free energies with thermodynamic integration using the general Amber force field}},
    year = {2014},
    journal = {Journal of Chemical Theory and Computation},
    author = {Martins, Silvia A. and Sousa, Sergio F. and Ramos, Maria João and Fernandes, Pedro A.},
    number = {8},
    month = {8},
    pages = {3570--3577},
    volume = {10},
    publisher = {American Chemical Society},
    url = {http://pubs.acs.org/doi/10.1021/ct500346y},
    isbn = {1549-9618},
    doi = {10.1021/ct500346y},
    issn = {15499626},
    pmid = {26588320}
}

@article{Steinbrecher2011Soft-coreTransformations,
    title = {{Soft-core potentials in thermodynamic integration: Comparing one-and two-step transformations}},
    year = {2011},
    journal = {Journal of Computational Chemistry},
    author = {Steinbrecher, Thomas and Joung, InSuk and Case, David A.},
    number = {15},
    month = {11},
    pages = {3253--3263},
    volume = {32},
    publisher = {Wiley-Blackwell},
    url = {http://doi.wiley.com/10.1002/jcc.21909},
    isbn = {1565927443},
    doi = {10.1002/jcc.21909},
    issn = {01928651},
    pmid = {21953558},
    arxivId = {NIHMS150003},
    keywords = {free energy calculation, free energy of salvation, molecular dynamics, numerical algorithms, separation shifted scaling, soft-core potentials, thermodynamic integration}
}

@article{Martins2014PredictionFieldb,
    title = {{Prediction of Solvation Free Energies with Thermodynamic Integration Using the General Amber Force Field}},
    year = {2014},
    journal = {Journal of Chemical Theory and Computation},
    author = {Martins, Silvia A. and Sousa, Sergio F. and Ramos, Maria João and Fernandes, Pedro A.},
    number = {8},
    month = {8},
    pages = {3570--3577},
    volume = {10},
    publisher = {American Chemical Society},
    url = {http://pubs.acs.org/doi/10.1021/ct500346y},
    doi = {10.1021/ct500346y},
    issn = {1549-9618}
}

@article{Gunceler2013TheSystems,
    title = {{The importance of nonlinear fluid response in joint density-functional theory studies of battery systems}},
    year = {2013},
    journal = {Modelling and Simulation in Materials Science and Engineering},
    author = {Gunceler, Deniz and Letchworth-Weaver, Kendra and Sundararaman, Ravishankar and Schwarz, Kathleen A and Arias, T A},
    number = {7},
    month = {10},
    pages = {074005},
    volume = {21},
    publisher = {IOP Publishing},
    url = {http://stacks.iop.org/0965-0393/21/i=7/a=074005?key=crossref.d3a71aff183e43b7d9cbea0d04acdda9},
    isbn = {0965-0393},
    doi = {10.1088/0965-0393/21/7/074005},
    issn = {0965-0393},
    arxivId = {1301.6189}
}

@inproceedings{Andreussi2012RevisedCalculations,
    title = {{Revised self-consistent continuum solvation in electronic-structure calculations}},
    year = {2012},
    booktitle = {Journal of Chemical Physics},
    author = {Andreussi, Oliviero and Dabo, Ismaila and Marzari, Nicola},
    number = {6},
    month = {2},
    pages = {064102},
    volume = {136},
    publisher = {American Institute of Physics},
    url = {http://aip.scitation.org/doi/10.1063/1.3676407},
    isbn = {0013-4686},
    doi = {10.1063/1.3676407},
    issn = {00219606},
    pmid = {22360164},
    arxivId = {1112.5332},
    keywords = {Poisson equation, hydrogen bonds, iterative methods, molecular electronic states, organic compounds, permittivity, solvation, solvent effects, wave functions}
}

@article{Gunceler2013TheSystemsb,
    title = {{The importance of nonlinear fluid response in joint density-functional theory studies of battery systems}},
    year = {2013},
    journal = {Modelling and Simulation in Materials Science and Engineering},
    author = {Gunceler, Deniz and Letchworth-Weaver, Kendra and Sundararaman, Ravishankar and Schwarz, Kathleen A and Arias, T A},
    number = {7},
    month = {10},
    pages = {074005},
    volume = {21},
    publisher = {IOP Publishing},
    url = {http://stacks.iop.org/0965-0393/21/i=7/a=074005?key=crossref.d3a71aff183e43b7d9cbea0d04acdda9},
    doi = {10.1088/0965-0393/21/7/074005},
    issn = {0965-0393}
}

@misc{Tomasi2005QuantumModels,
    title = {{Quantum mechanical continuum solvation models}},
    year = {2005},
    booktitle = {Chemical Reviews},
    author = {Tomasi, Jacopo and Mennucci, Benedetta and Cammi, Roberto},
    number = {8},
    pages = {2999--3093},
    volume = {105},
    publisher = {American Chemical Society},
    url = {https://pubs.acs.org/doi/full/10.1021/cr9904009},
    isbn = {0009-2665},
    doi = {10.1021/cr9904009},
    issn = {00092665},
    pmid = {16092826},
    arxivId = {10.1021/cr9904009}
}

@article{Forster-Tonigold2014DispersionWater,
    title = {{Dispersion corrected RPBE studies of liquid water}},
    year = {2014},
    journal = {Journal of Chemical Physics},
    author = {Forster-Tonigold, Katrin and Gro{\ss}, Axel},
    number = {6},
    month = {8},
    pages = {064501},
    volume = {141},
    publisher = {American Institute of Physics},
    url = {http://aip.scitation.org/doi/10.1063/1.4892400},
    doi = {10.1063/1.4892400},
    issn = {00219606},
    pmid = {25134582},
    keywords = {ab initio calculations, density functional theory, disperse systems, exchange interactions (electron), gradient methods, hydrogen bonds, liquid structure, molecular dynamics method, water}
}

@article{Liu2013GrapheneCells,
    title = {{Graphene Supported Co-g-C 3 N 4 as a Novel Metal–Macrocyclic Electrocatalyst for the Oxygen Reduction Reaction in Fuel Cells}},
    year = {2013},
    journal = {Langmuir},
    author = {Liu, Qiao and Zhang, Junyan},
    number = {11},
    month = {3},
    pages = {3821--3828},
    volume = {29},
    publisher = {American Chemical Society},
    url = {http://pubs.acs.org/doi/10.1021/la400003h},
    isbn = {0743-7463},
    doi = {10.1021/la400003h},
    issn = {0743-7463},
    pmid = {23425296}
}

@article{Stephens1994AbFields,
    title = {{Ab Initio calculation of vibrational absorption and circular dichroism spectra using density functional force fields}},
    year = {1994},
    journal = {Journal of Physical Chemistry{\textregistered}},
    author = {Stephens, P. J. and Devlin, F. J. and Chabalowski, C. F. and Frisch, M. J.},
    number = {45},
    month = {11},
    pages = {11623--11627},
    volume = {98},
    publisher = {American Chemical Society},
    url = {http://pubs.acs.org/doi/abs/10.1021/j100096a001},
    isbn = {0022-3654},
    doi = {10.1021/j100096a001},
    issn = {00223654},
    pmid = {20684921},
    arxivId = {arXiv:1011.1669v3}
}

@article{Joubert1999FromMethodb,
    title = {{From ultrasoft pseudopotentials to the projector augmented-wave method}},
    year = {1999},
    journal = {Physical Review B - Condensed Matter and Materials Physics},
    author = {Joubert, D.},
    number = {3},
    month = {1},
    pages = {1758--1775},
    volume = {59},
    publisher = {American Physical Society},
    url = {https://link.aps.org/doi/10.1103/PhysRevB.59.1758},
    isbn = {0163-1829},
    doi = {10.1103/PhysRevB.59.1758},
    issn = {1550235X},
    pmid = {19309091},
    arxivId = {10.1016/0927-0256(96)00008}
}

@article{Manz2010ChemicallyMaterials,
    title = {{Chemically meaningful atomic charges that reproduce the electrostatic potential in periodic and nonperiodic materials}},
    year = {2010},
    journal = {Journal of Chemical Theory and Computation},
    author = {Manz, Thomas A and Sholl, David S},
    number = {8},
    month = {8},
    pages = {2455--2468},
    volume = {6},
    url = {https://pubs.acs.org/doi/pdf/10.1021/ct100125x http://pubs.acs.org/doi/abs/10.1021/ct100125x},
    isbn = {1549-9618},
    doi = {10.1021/ct100125x},
    issn = {15499618},
    pmid = {26613499}
}

@misc{Kulkarni2018UnderstandingReaction,
    title = {{Understanding Catalytic Activity Trends in the Oxygen Reduction Reaction}},
    year = {2018},
    booktitle = {Chemical Reviews},
    author = {Kulkarni, Ambarish and Siahrostami, Samira and Patel, Anjli and N{\o}rskov, Jens K.},
    number = {5},
    month = {3},
    pages = {2302--2312},
    volume = {118},
    publisher = {American Chemical Society},
    url = {http://pubs.acs.org/doi/10.1021/acs.chemrev.7b00488},
    doi = {10.1021/acs.chemrev.7b00488},
    issn = {15206890},
    pmid = {29405702}
}

@article{Heinen2017FlexibleTensor,
    title = {{Flexible Force Field Parameterization through Fitting on the Ab Initio-Derived Elastic Tensor}},
    year = {2017},
    journal = {Journal of Chemical Theory and Computation},
    author = {Heinen, Jurn and Burtch, Nicholas C. and Walton, Krista S. and Dubbeldam, David},
    number = {8},
    month = {8},
    pages = {3722--3730},
    volume = {13},
    publisher = {American Chemical Society},
    url = {http://pubs.acs.org/doi/10.1021/acs.jctc.7b00310},
    doi = {10.1021/acs.jctc.7b00310},
    issn = {15499626}
}

@article{Kulkarni2015DFT-DerivedMIL-47V,
    title = {{DFT-Derived Force Fields for Modeling Hydrocarbon Adsorption in MIL-47(V)}},
    year = {2015},
    journal = {Langmuir},
    author = {Kulkarni, Ambarish R. and Sholl, David S.},
    number = {30},
    month = {8},
    pages = {8453--8468},
    volume = {31},
    publisher = {American Chemical Society},
    url = {http://pubs.acs.org/doi/10.1021/acs.langmuir.5b01193},
    doi = {10.1021/acs.langmuir.5b01193},
    issn = {0743-7463}
}

@article{Li2014N-dopedConsiderations,
    title = {{N-doped graphene as catalysts for oxygen reduction and oxygen evolution reactions: Theoretical considerations}},
    year = {2014},
    journal = {Journal of Catalysis},
    author = {Li, Mingtao and Zhang, Lipeng and Xu, Quan and Niu, Jianbing and Xia, Zhenhai},
    month = {5},
    pages = {66--72},
    volume = {314},
    url = {http://linkinghub.elsevier.com/retrieve/pii/S0021951714000736},
    doi = {10.1016/j.jcat.2014.03.011},
    issn = {00219517}
}

@article{Kuhn2008PorousSynthesis,
    title = {{Porous, covalent triazine-based frameworks prepared by ionothermal synthesis}},
    year = {2008},
    journal = {Angewandte Chemie - International Edition},
    author = {Kuhn, Pierre and Antonietti, Markus and Thomas, Arne},
    number = {18},
    month = {4},
    pages = {3450--3453},
    volume = {47},
    publisher = {Wiley-Blackwell},
    url = {http://doi.wiley.com/10.1002/anie.200705710},
    isbn = {1521-3773},
    doi = {10.1002/anie.200705710},
    issn = {14337851},
    pmid = {18330878},
    arxivId = {arXiv:1408.1149},
    keywords = {Crystalline organic networks, Ionothermal polymerization, Porouspolymers, Triazine, Trimerizations}
}

@article{Ding2013CovalentApplications,
    title = {{Covalent organic frameworks (COFs): from design to applications}},
    year = {2013},
    journal = {Chem. Soc. Rev.},
    author = {Ding, San-Yuan and Wang, Wei},
    number = {2},
    month = {12},
    pages = {548--568},
    volume = {42},
    publisher = {The Royal Society of Chemistry},
    url = {http://xlink.rsc.org/?DOI=C2CS35072F},
    isbn = {1460-4744 (Electronic){\textbackslash}r0306-0012 (Linking)},
    doi = {10.1039/C2CS35072F},
    issn = {0306-0012},
    pmid = {23060270}
}

@article{Kamiya2014Platinum-modifiedElectrocatalystsb,
    title = {{Platinum-modified covalent triazine frameworks hybridized with carbon nanoparticles as methanol-tolerant oxygen reduction electrocatalysts}},
    year = {2014},
    journal = {Nature Communications},
    author = {Kamiya, Kazuhide and Kamai, Ryo and Hashimoto, Kazuhito and Nakanishi, Shuji},
    number = {1},
    month = {12},
    pages = {5040},
    volume = {5},
    publisher = {Nature Publishing Group},
    url = {http://www.nature.com/articles/ncomms6040},
    isbn = {9781137332875},
    doi = {10.1038/ncomms6040},
    issn = {20411723},
    pmid = {25242214},
    keywords = {Electrocatalysis, Electrochemistry, Nanoparticles}
}

@article{Iwase2018Sulfur-LinkedReduction,
    title = {{Sulfur-Linked Covalent Triazine Frameworks Doped with Coordinatively Unsaturated Cu(I) as Electrocatalysts for Oxygen Reduction}},
    year = {2018},
    journal = {ChemElectroChem},
    author = {Iwase, Kazuyuki and Kamiya, Kazuhide and Miyayama, Masaru and Hashimoto, Kazuhito and Nakanishi, Shuji},
    number = {5},
    month = {3},
    pages = {805--810},
    volume = {5},
    publisher = {Wiley-Blackwell},
    url = {http://doi.wiley.com/10.1002/celc.201701361},
    doi = {10.1002/celc.201701361},
    issn = {21960216},
    keywords = {copper, electrocatalysis, heterogeneous catalysis, nanostructures, oxygen reduction reaction}
}

@article{Shi2016BarriersMetals,
    title = {{Barriers of Electrochemical CO 2 Reduction on Transition Metals}},
    year = {2016},
    journal = {Organic Process Research {\&} Development},
    author = {Shi, Chuan and Chan, Karen and Yoo, Jong Suk and N{\o}rskov, Jens K.},
    number = {8},
    month = {8},
    pages = {1424--1430},
    volume = {20},
    publisher = {American Chemical Society},
    url = {http://pubs.acs.org/doi/10.1021/acs.oprd.6b00103},
    isbn = {1083-6160{\textbackslash}r1520-586X},
    doi = {10.1021/acs.oprd.6b00103},
    issn = {1083-6160}
}

@article{Kirk2017TheoreticalGraphene,
    title = {{Theoretical Investigations of the Electrochemical Reduction of CO on Single Metal Atoms Embedded in Graphene}},
    year = {2017},
    journal = {ACS Central Science},
    author = {Kirk, Charlotte and Chen, Leanne D and Siahrostami, Samira and Karamad, Mohammadreza and Bajdich, Michal and Voss, Johannes and N{\o}rskov, Jens K and Chan, Karen},
    number = {12},
    month = {12},
    pages = {1286--1293},
    volume = {3},
    publisher = {American Chemical Society},
    url = {http://www.ncbi.nlm.nih.gov/pubmed/29296669 http://www.pubmedcentral.nih.gov/articlerender.fcgi?artid=PMC5746853},
    isbn = {2374-7943 2374-7951},
    doi = {10.1021/acscentsci.7b00442},
    issn = {23747951},
    pmid = {29296669}
}

@misc{Reda2018DFTCatalysisb,
    title = {{DFT study of stabilization effects on N-doped graphene for ORR catalysis}},
    year = {2018},
    booktitle = {Catalysis Today},
    author = {Reda, Mateusz and Hansen, Heine Anton and Vegge, Tejs},
    month = {2},
    publisher = {Elsevier},
    url = {https://www.sciencedirect.com/science/article/pii/S092058611830066X},
    doi = {10.1016/j.cattod.2018.02.015},
    issn = {09205861},
    keywords = {Density functional theory, Explicit solvation, N-doped graphene, Oxygen reduction reaction}
}

@article{Li2018ZeoliteForce,
    title = {{Zeolite Adsorption Free Energies from ab Initio Potentials of Mean Force}},
    year = {2018},
    journal = {Journal of Chemical Theory and Computation},
    author = {Li, Hui and Paolucci, Christopher and Schneider, William F.},
    number = {2},
    month = {2},
    pages = {929--938},
    volume = {14},
    publisher = {American Chemical Society},
    url = {http://pubs.acs.org/doi/10.1021/acs.jctc.7b00716},
    doi = {10.1021/acs.jctc.7b00716},
    issn = {1549-9618}
}

@article{Gonzalez2011ForceSimulations,
    title = {{Force fields and molecular dynamics simulations}},
    year = {2011},
    journal = {Collection SFN},
    author = {Gonz{\'{a}}lez, M A},
    pages = {169--200},
    volume = {12},
    url = {https://www.neutron-sciences.org/articles/sfn/pdf/2011/01/sfn201112009.pdf},
    doi = {10.1051/sfn/201112009}
}

@article{Kirkwood1935StatisticalMixtures,
    title = {{Statistical Mechanics of Fluid Mixtures}},
    year = {1935},
    journal = {The Journal of Chemical Physics},
    author = {Kirkwood, John G.},
    number = {5},
    month = {5},
    pages = {300--313},
    volume = {3},
    publisher = {American Institute of Physics},
    url = {http://aip.scitation.org/doi/10.1063/1.1749657},
    isbn = {0021-9606},
    doi = {10.1063/1.1749657},
    issn = {0021-9606},
    pmid = {33646471468}
}

@article{Wu2011-MetadynamicsEnergy,
    title = {{{$\lambda$}-Metadynamics Approach To Compute Absolute Solvation Free Energy}},
    year = {2011},
    journal = {The Journal of Physical Chemistry Letters},
    author = {Wu, Pan and Hu, Xiangqian and Yang, Weitao},
    number = {17},
    month = {9},
    pages = {2099--2103},
    volume = {2},
    publisher = {American Chemical Society},
    url = {http://pubs.acs.org/doi/10.1021/jz200808x},
    doi = {10.1021/jz200808x},
    issn = {1948-7185},
    keywords = {QM/MM, metadynamics, solvation free energy, {$\lambda$} dynamics, {$\lambda$}-metadynamics}
}

@article{Gao1992AbsolutePotentials,
    title = {{Absolute free energy of solvation from Monte Carlo simulations using combined quantum and molecular mechanical potentials}},
    year = {1992},
    journal = {The Journal of Physical Chemistry},
    author = {Gao, Jiali},
    number = {2},
    month = {1},
    pages = {537--540},
    volume = {96},
    url = {http://pubs.acs.org/doi/abs/10.1021/j100181a009},
    isbn = {0022365419},
    doi = {10.1021/j100181a009},
    issn = {00223654}
}

@article{Sevgen2018HierarchicalMethods,
    title = {{Hierarchical Coupling of First-Principles Molecular Dynamics with Advanced Sampling Methods}},
    year = {2018},
    journal = {Journal of Chemical Theory and Computation},
    author = {Sevgen, Emre and Giberti, Federico and Sidky, Hythem and Whitmer, Jonathan K. and Galli, Giulia and Gygi, Francois and de Pablo, Juan J.},
    month = {5},
    pages = {acs.jctc.8b00192},
    publisher = {American Chemical Society},
    url = {http://pubs.acs.org/doi/10.1021/acs.jctc.8b00192},
    doi = {10.1021/acs.jctc.8b00192},
    issn = {1549-9618}
}

@article{Galvelis2017NeuralDynamics,
    title = {{Neural Network and Nearest Neighbor Algorithms for Enhancing Sampling of Molecular Dynamics}},
    year = {2017},
    journal = {Journal of Chemical Theory and Computation},
    author = {Galvelis, Raimondas and Sugita, Yuji},
    number = {6},
    month = {6},
    pages = {2489--2500},
    volume = {13},
    publisher = {American Chemical Society},
    url = {http://pubs.acs.org/doi/10.1021/acs.jctc.7b00188},
    doi = {10.1021/acs.jctc.7b00188},
    issn = {1549-9618}
}

@misc{Zhang2015Heteroatom-DopedReaction,
    title = {{Heteroatom-Doped Graphitic Carbon Catalysts for Efficient Electrocatalysis of Oxygen Reduction Reaction}},
    year = {2015},
    booktitle = {ACS Catalysis},
    author = {Zhang, Jintao and Dai, Liming},
    number = {12},
    volume = {5},
    isbn = {2155-5435},
    doi = {10.1021/acscatal.5b01563},
    issn = {21555435}
}

@article{Zhang2015AReactions,
    title = {{A metal-free bifunctional electrocatalyst for oxygen reduction and oxygen evolution reactions}},
    year = {2015},
    journal = {Nature Nanotechnology},
    author = {Zhang, Jintao and Zhao, Zhenghang and Xia, Zhenhai and Dai, Liming},
    number = {5},
    volume = {10},
    isbn = {1748-3387},
    doi = {10.1038/nnano.2015.48},
    issn = {17483395},
    pmid = {25849787},
    arxivId = {1407.7889}
}

@article{JosefredoR.Pliego2001TheSpecies,
    title = {{The Cluster−Continuum Model for the Calculation of the Solvation Free Energy of Ionic Species}},
    year = {2001},
    author = {Josefredo R. Pliego, Jr.* and and Riveros*, José M.},
    publisher = { American Chemical Society },
    url = {https://pubs.acs.org/doi/full/10.1021/jp004192w},
    doi = {10.1021/JP004192W}
}

@article{Sinstein2017EfficientDFT,
    title = {{Efficient Implicit Solvation Method for Full Potential DFT}},
    year = {2017},
    journal = {Journal of Chemical Theory and Computation},
    author = {Sinstein, Markus and Scheurer, Christoph and Matera, Sebastian and Blum, Volker and Reuter, Karsten and Oberhofer, Harald},
    number = {11},
    month = {8},
    pages = {5582--5603},
    volume = {13},
    publisher = {American Chemical Society},
    url = {http://pubs.acs.org/doi/10.1021/acs.jctc.6b00435},
    doi = {10.1021/acs.jctc.7b00297},
    issn = {15499626}
}

@article{Sinstein2017EfficientDFTb,
    title = {{Efficient Implicit Solvation Method for Full Potential DFT}},
    year = {2017},
    journal = {Journal of Chemical Theory and Computation},
    author = {Sinstein, Markus and Scheurer, Christoph and Matera, Sebastian and Blum, Volker and Reuter, Karsten and Oberhofer, Harald},
    number = {11},
    month = {11},
    pages = {5582--5603},
    volume = {13},
    publisher = {American Chemical Society},
    url = {http://pubs.acs.org/doi/10.1021/acs.jctc.7b00297},
    doi = {10.1021/acs.jctc.7b00297},
    issn = {1549-9618}
}

@article{Pliego2001TheSpecies,
    title = {{The Cluster−Continuum Model for the Calculation of the Solvation Free Energy of Ionic Species}},
    year = {2001},
    journal = {The Journal of Physical Chemistry A},
    author = {Pliego, Josefredo R. and Riveros, José M.},
    number = {30},
    month = {8},
    pages = {7241--7247},
    volume = {105},
    publisher = {American Chemical Society},
    url = {https://pubs.acs.org/doi/abs/10.1021/jp004192w http://pubs.acs.org/doi/abs/10.1021/jp004192w},
    isbn = {1089-5639},
    doi = {10.1021/jp004192w},
    issn = {1089-5639},
    pmid = {170152700015}
}

@article{Ringe2016Function-Space-BasedDFT,
    title = {{Function-Space-Based Solution Scheme for the Size-Modified Poisson–Boltzmann Equation in Full-Potential DFT}},
    year = {2016},
    journal = {Journal of Chemical Theory and Computation},
    author = {Ringe, Stefan and Oberhofer, Harald and Hille, Christoph and Matera, Sebastian and Reuter, Karsten},
    number = {8},
    month = {8},
    pages = {4052--4066},
    volume = {12},
    publisher = {American Chemical Society},
    url = {http://pubs.acs.org/doi/10.1021/acs.jctc.6b00435},
    doi = {10.1021/acs.jctc.6b00435},
    issn = {1549-9618}
}

@article{Weymuth2014NewFunctionals,
    title = {{New benchmark set of transition-metal coordination reactions for the assessment of density functionals}},
    year = {2014},
    journal = {Journal of Chemical Theory and Computation},
    author = {Weymuth, Thomas and Couzijn, Erik P.A. and Chen, Peter and Reiher, Markus},
    number = {8},
    month = {8},
    pages = {3092--3103},
    volume = {10},
    publisher = {American Chemical Society},
    url = {http://pubs.acs.org/doi/10.1021/ct500248h},
    isbn = {1549-9626 (Electronic){\textbackslash}r1549-9618 (Linking)},
    doi = {10.1021/ct500248h},
    issn = {15499626},
    pmid = {26588280},
    arxivId = {1403.5758}
}

@article{Zhou2006CuIMechanism,
    title = {{Cu(I) or Cu(I)-Cu(II) mixed-valence complexes of 2,4,6-tri(2-pyridyl)-1,3, 5-triazine: Syntheses, structures, and theoretical study of the hydrolytic reaction mechanism}},
    year = {2006},
    journal = {Inorganic Chemistry},
    author = {Zhou, Xiao Ping and Li, Dan and Zheng, Shao Liang and Zhang, Xuanjun and Wu, Tao},
    number = {18},
    pages = {7119--7125},
    volume = {45},
    publisher = {American Chemical Society},
    url = {https://pubs.acs.org/doi/full/10.1021/ic060564p},
    isbn = {0020-1669},
    doi = {10.1021/ic060564p},
    issn = {00201669}
}

@article{Foller2016PhosphorescenceMethods,
    title = {{Phosphorescence or Thermally Activated Delayed Fluorescence? Intersystem Crossing and Radiative Rate Constants of a Three-Coordinate Copper(I) Complex Determined by Quantum-Chemical Methods}},
    year = {2016},
    journal = {Inorganic Chemistry},
    author = {F{\"{o}}ller, Jelena and Kleinschmidt, Martin and Marian, Christel M.},
    number = {15},
    month = {8},
    pages = {7508--7516},
    volume = {55},
    publisher = {American Chemical Society},
    url = {http://pubs.acs.org/doi/10.1021/acs.inorgchem.6b00818},
    isbn = {0009-2665},
    doi = {10.1021/acs.inorgchem.6b00818},
    issn = {1520510X},
    pmid = {18845751}
}

@article{Buhl2006GeometriesTheory,
    title = {{Geometries of Transition-Metal Complexes from Density-Functional Theory}},
    year = {2006},
    journal = {Journal of Chemical Theory and Computation},
    author = {B{\"{u}}hl, Michael and Kabrede, Hendrik},
    number = {5},
    month = {9},
    pages = {1282--1290},
    volume = {2},
    publisher = {American Chemical Society},
    url = {https://pubs.acs.org/doi/abs/10.1021/ct6001187 http://pubs.acs.org/doi/abs/10.1021/ct6001187},
    isbn = {1549-9618},
    doi = {10.1021/ct6001187},
    issn = {1549-9618},
    pmid = {26621431}
}

@article{Coskun2016EvaluationSystems,
    title = {{Evaluation of the Performance of the B3LYP, PBE0, and M06 DFT Functionals, and DBLOC-Corrected Versions, in the Calculation of Redox Potentials and Spin Splittings for Transition Metal Containing Systems}},
    year = {2016},
    journal = {Journal of Chemical Theory and Computation},
    author = {Coskun, Dilek and Jerome, Steven V. and Friesner, Richard A.},
    number = {3},
    month = {3},
    pages = {1121--1128},
    volume = {12},
    publisher = {American Chemical Society},
    url = {http://pubs.acs.org/doi/10.1021/acs.jctc.5b00782},
    doi = {10.1021/acs.jctc.5b00782},
    issn = {1549-9618},
    pmid = {26808695}
}

@article{Coskun2016EvaluationSystemsb,
    title = {{Evaluation of the Performance of the B3LYP, PBE0, and M06 DFT Functionals, and DBLOC-Corrected Versions, in the Calculation of Redox Potentials and Spin Splittings for Transition Metal Containing Systems}},
    year = {2016},
    journal = {Journal of Chemical Theory and Computation},
    author = {Coskun, Dilek and Jerome, Steven V. and Friesner, Richard A.},
    number = {3},
    month = {3},
    pages = {1121--1128},
    volume = {12},
    publisher = {American Chemical Society},
    url = {http://pubs.acs.org/doi/10.1021/acs.jctc.5b00782},
    doi = {10.1021/acs.jctc.5b00782},
    issn = {1549-9618}
}

@article{Tan2006HowAnalysis,
    title = {{How Well Does Poisson−Boltzmann Implicit Solvent Agree with Explicit Solvent? A Quantitative Analysis}},
    year = {2006},
    journal = {The Journal of Physical Chemistry B},
    author = {Tan, Chunhu and Yang, Lijiang and Luo, Ray},
    number = {37},
    month = {9},
    pages = {18680--18687},
    volume = {110},
    publisher = {American Chemical Society},
    url = {https://pubs-acs-org.stanford.idm.oclc.org/doi/full/10.1021/jp063479b http://pubs.acs.org/doi/abs/10.1021/jp063479b},
    isbn = {1868018687},
    doi = {10.1021/jp063479b},
    issn = {1520-6106},
    pmid = {16970499}
}

@article{Gabrieli2016AFields,
    title = {{A Combined Energy-Force Fitting Procedure to Develop DFT-Based Force Fields}},
    year = {2016},
    journal = {The Journal of Physical Chemistry C},
    author = {Gabrieli, Andrea and Sant, Marco and Demontis, Pierfranco and Suffritti, Giuseppe B.},
    number = {46},
    month = {11},
    pages = {26309--26319},
    volume = {120},
    publisher = {American Chemical Society},
    url = {http://pubs.acs.org/doi/10.1021/acs.jpcc.6b08163},
    doi = {10.1021/acs.jpcc.6b08163},
    issn = {1932-7447}
}

@article{Johnson1992SUPCRT92:1000C,
    title = {{SUPCRT92: A software package for calculating the standard molal thermodynamic properties of minerals, gases, aqueous species, and reactions from 1 to 5000 bar and 0 to 1000{${}^\circ$}C}},
    year = {1992},
    journal = {Computers {\&} Geosciences},
    author = {Johnson, James W. and Oelkers, Eric H. and Helgeson, Harold C.},
    number = {7},
    month = {8},
    pages = {899--947},
    volume = {18},
    publisher = {Pergamon},
    url = {https://www.sciencedirect.com/science/article/pii/009830049290029Q http://linkinghub.elsevier.com/retrieve/pii/009830049290029Q},
    isbn = {2729401652},
    doi = {10.1016/0098-3004(92)90029-Q},
    issn = {00983004},
    pmid = {1458},
    keywords = {Aqueous species, Chemical equilibrium, Equations of state, Gases, Geochemistry, H2O, Minerals, SUPCRT92, Standard molal thermodynamic properties, Thermodynamics}
}

@book{Pourbaix1974AtlasSolutions,
    title = {{Atlas of electrochemical equilibria in aqueous solutions}},
    year = {1974},
    author = {Pourbaix, Marcel},
    edition = {2},
    publisher = {Pergamon Press},
    url = {http://www.worldcat.org/title/atlas-of-electrochemical-equilibria-in-aqueous-solutions/oclc/2168509},
    address = {Oxford ;New York}
}

@article{Behler2007GeneralizedSurfaces,
    title = {{Generalized Neural-Network Representation of High-Dimensional Potential-Energy Surfaces}},
    year = {2007},
    journal = {Physical Review Letters},
    author = {Behler, Jörg and Parrinello, Michele},
    number = {14},
    month = {4},
    pages = {146401},
    volume = {98},
    publisher = {American Physical Society},
    url = {https://link.aps.org/doi/10.1103/PhysRevLett.98.146401},
    doi = {10.1103/PhysRevLett.98.146401},
    issn = {0031-9007}
}

@article{Smith2016ANI-1:Cost,
    title = {{ANI-1: An extensible neural network potential with DFT accuracy at force field computational cost}},
    year = {2016},
    author = {Smith, Justin S. and Isayev, Olexandr and Roitberg, Adrian E.},
    month = {10},
    url = {http://arxiv.org/abs/1610.08935 http://dx.doi.org/10.1039/C6SC05720A},
    doi = {10.1039/C6SC05720A},
    arxivId = {1610.08935}
}

@article{Smith2017ANI-1:Cost,
    title = {{ANI-1: an extensible neural network potential with DFT accuracy at force field computational cost}},
    year = {2017},
    journal = {Chemical Science},
    author = {Smith, J. S. and Isayev, O. and Roitberg, A. E.},
    number = {4},
    month = {3},
    pages = {3192--3203},
    volume = {8},
    publisher = {The Royal Society of Chemistry},
    url = {http://xlink.rsc.org/?DOI=C6SC05720A},
    doi = {10.1039/C6SC05720A},
    issn = {2041-6520}
}

@article{JohannaWornerStructureDynamics,
    title = {{Structure of Water on Nitrogen-doped Graphene from First-principles Molecular Dynamics}},
    author = {Johanna W{\"{o}}rner, Svenja and Donadio, von D and Kremer, K and Dreuw, A},
    url = {http://pubman.mpdl.mpg.de/pubman/item/escidoc:2176195/component/escidoc:2176194/MasterarbeitSvenjaWoerner.pdf}
}

@article{Lindsey2017ChIMES:Carbon,
    title = {{ChIMES: A Force Matched Potential with Explicit Three-Body Interactions for Molten Carbon}},
    year = {2017},
    journal = {Journal of Chemical Theory and Computation},
    author = {Lindsey, Rebecca K. and Fried, Laurence E. and Goldman, Nir},
    number = {12},
    month = {12},
    pages = {6222--6229},
    volume = {13},
    url = {http://pubs.acs.org/doi/10.1021/acs.jctc.7b00867},
    doi = {10.1021/acs.jctc.7b00867},
    issn = {1549-9618}
}

@article{Wu2016HighlyBatteries,
    title = {{Highly doped and exposed Cu( i )–N active sites within graphene towards efficient oxygen reduction for zinc–air batteries}},
    year = {2016},
    journal = {Energy {\&} Environmental Science},
    author = {Wu, Haihua and Li, Haobo and Zhao, Xinfei and Liu, Qingfei and Wang, Jing and Xiao, Jianping and Xie, Songhai and Si, Rui and Yang, Fan and Miao, Shu and Guo, Xiaoguang and Wang, Guoxiong and Bao, Xinhe},
    number = {12},
    month = {11},
    pages = {3736--3745},
    volume = {9},
    publisher = {Royal Society of Chemistry},
    url = {http://xlink.rsc.org/?DOI=C6EE01867J},
    doi = {10.1039/C6EE01867J},
    issn = {1754-5692}
}

@article{Chen2017AtomicallyReactions,
    title = {{Atomically Dispersed Iron-Nitrogen Species as Electrocatalysts for Bifunctional Oxygen Evolution and Reduction Reactions}},
    year = {2017},
    journal = {Angewandte Chemie International Edition},
    author = {Chen, Pengzuo and Zhou, Tianpei and Xing, Lili and Xu, Kun and Tong, Yun and Xie, Hui and Zhang, Lidong and Yan, Wensheng and Chu, Wangsheng and Wu, Changzheng and Xie, Yi},
    number = {2},
    month = {1},
    pages = {610--614},
    volume = {56},
    publisher = {Wiley-Blackwell},
    url = {http://doi.wiley.com/10.1002/anie.201610119},
    doi = {10.1002/anie.201610119},
    issn = {14337851},
    keywords = {Fe, Nx species, Zn, air batteries, bifunctional catalysts, dispersed atoms, heteroatom doping}
}

@article{Zitolo2017IdentificationReaction,
    title = {{Identification of catalytic sites in cobalt-nitrogen-carbon materials for the oxygen reduction reaction}},
    year = {2017},
    journal = {Nature Communications},
    author = {Zitolo, Andrea and Ranjbar-Sahraie, Nastaran and Mineva, Tzonka and Li, Jingkun and Jia, Qingying and Stamatin, Serban and Harrington, George F. and Lyth, Stephen Mathew and Krtil, Petr and Mukerjee, Sanjeev and Fonda, Emiliano and Jaouen, Frédéric},
    number = {1},
    month = {12},
    pages = {957},
    volume = {8},
    publisher = {Nature Publishing Group},
    url = {http://www.nature.com/articles/s41467-017-01100-7},
    doi = {10.1038/s41467-017-01100-7},
    issn = {2041-1723},
    keywords = {Electrocatalysis, Fuel cells}
}

@article{Zheng2017Molecule-LevelReactions,
    title = {{Molecule-Level g-C 3 N 4 Coordinated Transition Metals as a New Class of Electrocatalysts for Oxygen Electrode Reactions}},
    year = {2017},
    journal = {Journal of the American Chemical Society},
    author = {Zheng, Yao and Jiao, Yan and Zhu, Yihan and Cai, Qiran and Vasileff, Anthony and Li, Lu Hua and Han, Yu and Chen, Ying and Qiao, Shi-Zhang},
    number = {9},
    month = {3},
    pages = {3336--3339},
    volume = {139},
    publisher = {American Chemical Society},
    url = {http://pubs.acs.org/doi/10.1021/jacs.6b13100},
    isbn = {0002-7863},
    doi = {10.1021/jacs.6b13100},
    issn = {0002-7863},
    pmid = {28221033}
}

@article{Mezei1986FreeSimulations,
    title = {{Free Energy Simulations}},
    year = {1986},
    journal = {Annals of the New York Academy of Sciences},
    author = {Mezei, M. and Beveridge, D. L.},
    number = {1},
    month = {12},
    pages = {1--23},
    volume = {482},
    publisher = {Wiley/Blackwell (10.1111)},
    url = {http://doi.wiley.com/10.1111/j.1749-6632.1986.tb20933.x},
    isbn = {0077-8923},
    doi = {10.1111/j.1749-6632.1986.tb20933.x},
    issn = {17496632},
    pmid = {3471099}
}

@article{Shirts2005ComparisonIntegration,
    title = {{Comparison of efficiency and bias of free energies computed by exponential averaging, the Bennett acceptance ratio, and thermodynamic integration}},
    year = {2005},
    journal = {Journal of Chemical Physics},
    author = {Shirts, Michael R. and Pande, Vijay S.},
    number = {14},
    month = {4},
    pages = {144107},
    volume = {122},
    url = {https://doi.org/10.1063/1.452357 http://aip.scitation.org/toc/jcp/86/12 http://aip.scitation.org/doi/10.1063/1.1873592},
    isbn = {doi:10.1063/1.1873592},
    doi = {10.1063/1.1873592},
    issn = {00219606},
    pmid = {15847516}
}

@article{Grimme2010AH-Puc,
    title = {{A consistent and accurate ab initio parametrization of density functional dispersion correction (DFT-D) for the 94 elements H-Pu}},
    year = {2010},
    journal = {Journal of Chemical Physics},
    author = {Grimme, Stefan and Antony, Jens and Ehrlich, Stephan and Krieg, Helge},
    number = {15},
    pages = {170901--161712},
    volume = {132},
    url = {https://doi.org/10.1063/1.432264 http://aip.scitation.org/toc/jcp/64/2},
    isbn = {0021-9606},
    doi = {10.1063/1.3382344},
    issn = {00219606},
    pmid = {20423165},
    arxivId = {cond-mat/0405167}
}

@article{Mezei1987TheWater,
    title = {{The finite difference thermodynamic integration, tested on calculating the hydration free energy difference between acetone and dimethylamine in water}},
    year = {1987},
    journal = {The Journal of Chemical Physics},
    author = {Mezei, M.},
    number = {12},
    month = {6},
    pages = {7084--7088},
    volume = {86},
    publisher = {American Institute of Physics},
    url = {http://aip.scitation.org/doi/10.1063/1.452357},
    doi = {10.1063/1.452357},
    issn = {0021-9606},
    keywords = {ACETONE, AMINES, AQUEOUS SOLUTIONS, COMPUTERIZED SIMULATION, FREE ENERGY, LIQUID STRUCTURE, MONTE CARLO METHOD, SOLVATION, THERMODYNAMIC PROPERTIES}
}

@article{Mruzik1976AClusters,
    title = {{A Monte Carlo study of ion–water clusters}},
    year = {1976},
    journal = {The Journal of Chemical Physics},
    author = {Mruzik, Michael R. and Abraham, Farid F. and Schreiber, Donald E. and Pound, G. M.},
    number = {2},
    month = {1},
    pages = {481--491},
    volume = {64},
    publisher = {American Institute of Physics},
    url = {http://aip.scitation.org/doi/10.1063/1.432264},
    doi = {10.1063/1.432264},
    issn = {0021-9606}
}

@article{Back2018SingleApplications,
    title = {{Single Metal Atoms Anchored in Two-Dimensional Materials: Bifunctional Catalysts for Fuel Cell Applications}},
    year = {2018},
    journal = {ChemCatChem},
    author = {Back, Seoin and Kulkarni, Ambarish R. and Siahrostami, Samira},
    month = {5},
    publisher = {Wiley-Blackwell},
    url = {http://doi.wiley.com/10.1002/cctc.201800447},
    doi = {10.1002/cctc.201800447},
    issn = {18673880},
    keywords = {density functional calculations, hydrogen, oxidation, oxygen, reduction}
}

@article{Montoya2017MaterialsChemicals,
    title = {{Materials for solar fuels and chemicals}},
    year = {2017},
    journal = {Nature Materials},
    author = {Montoya, Joseph H. and Seitz, Linsey C. and Chakthranont, Pongkarn and Vojvodic, Aleksandra and Jaramillo, Thomas F. and N{\o}rskov, Jens K.},
    number = {1},
    month = {1},
    pages = {70--81},
    volume = {16},
    publisher = {Nature Publishing Group},
    url = {http://www.nature.com/articles/nmat4778},
    doi = {10.1038/nmat4778},
    issn = {1476-1122},
    keywords = {Materials chemistry, Materials for energy and catalysis}
}

@article{Gewirth2018NonpreciousSystems,
    title = {{Nonprecious Metal Catalysts for Oxygen Reduction in Heterogeneous Aqueous Systems}},
    year = {2018},
    journal = {Chemical Reviews},
    author = {Gewirth, Andrew A. and Varnell, Jason A. and DiAscro, Angela M.},
    number = {5},
    month = {3},
    pages = {2313--2339},
    volume = {118},
    publisher = {American Chemical Society},
    url = {http://pubs.acs.org/doi/10.1021/acs.chemrev.7b00335},
    doi = {10.1021/acs.chemrev.7b00335},
    issn = {0009-2665}
}

@article{Kattel2014ReactionGraphene,
    title = {{Reaction Pathway for Oxygen Reduction on FeN 4 Embedded Graphene}},
    year = {2014},
    journal = {The Journal of Physical Chemistry Letters},
    author = {Kattel, Shyam and Wang, Guofeng},
    number = {3},
    month = {2},
    pages = {452--456},
    volume = {5},
    publisher = {American Chemical Society},
    url = {http://pubs.acs.org/doi/10.1021/jz402717r},
    doi = {10.1021/jz402717r},
    issn = {1948-7185},
    keywords = {activation energy, binding energy, catalyst, density functional theory, nudged elastic band method}
}

@article{Wu2017Metal-organicChallenges,
    title = {{Metal-organic frameworks and their derived materials for electrochemical energy storage and conversion: Promises and challenges}},
    year = {2017},
    journal = {Science Advances},
    author = {Wu, Hao Bin and Lou, Xiong Wen (David)},
    number = {12},
    month = {12},
    pages = {eaap9252},
    volume = {3},
    publisher = {American Association for the Advancement of Science},
    url = {http://advances.sciencemag.org/lookup/doi/10.1126/sciadv.aap9252},
    isbn = {1754-5692},
    doi = {10.1126/sciadv.aap9252},
    issn = {2375-2548}
}

@article{Liu2018TheCells,
    title = {{The Solid-Phase Synthesis of an Fe-N-C Electrocatalyst for High-Power Proton-Exchange Membrane Fuel Cells}},
    year = {2018},
    journal = {Angewandte Chemie},
    author = {Liu, Qingtao and Liu, Xiaofang and Zheng, Lirong and Shui, Jianglan},
    number = {5},
    month = {1},
    pages = {1218--1222},
    volume = {130},
    publisher = {Wiley-Blackwell},
    url = {http://doi.wiley.com/10.1002/ange.201709597},
    doi = {10.1002/ange.201709597},
    issn = {00448249},
    keywords = {Brennstoffzellen, Eisen, Elektrokatalyse, Festphasensynthesen, Sauerstoffreduktion}
}

@article{Liu2017HighReaction,
    title = {{High performance platinum single atom electrocatalyst for oxygen reduction reaction}},
    year = {2017},
    journal = {Nature Communications},
    author = {Liu, Jing and Jiao, Menggai and Lu, Lanlu and Barkholtz, Heather M. and Li, Yuping and Wang, Ying and Jiang, Luhua and Wu, Zhijian and Liu, Di-jia and Zhuang, Lin and Ma, Chao and Zeng, Jie and Zhang, Bingsen and Su, Dangsheng and Song, Ping and Xing, Wei and Xu, Weilin and Wang, Ying and Jiang, Zheng and Sun, Gongquan},
    month = {7},
    pages = {15938},
    volume = {8},
    publisher = {Nature Publishing Group},
    url = {http://www.nature.com/doifinder/10.1038/ncomms15938},
    isbn = {2041-1723 (Electronic) 2041-1723 (Linking)},
    doi = {10.1038/ncomms15938},
    issn = {2041-1723},
    pmid = {28737170},
    keywords = {Electrocatalysis, Fuel cells, Synthesis and processing}
}

@article{Li2018BoostingSites,
    title = {{Boosting oxygen reduction catalysis with abundant copper single atom active sites}},
    year = {2018},
    journal = {Energy {\&} Environmental Science},
    author = {Li, Feng and Han, Gao-Feng and Noh, Hyuk-Jun and Kim, Seok-Jin and Lu, Yalin and Jeong, Hu Young and Fu, Zhengping and Baek, Jong-Beom},
    publisher = {Royal Society of Chemistry},
    url = {http://xlink.rsc.org/?DOI=C8EE01169A},
    doi = {10.1039/C8EE01169A},
    issn = {1754-5692}
}

@article{Zhang2018TransitionReactions,
    title = {{Transition metal anchored C 2 N monolayers as efficient bifunctional electrocatalysts for hydrogen and oxygen evolution reactions}},
    year = {2018},
    journal = {Journal of Materials Chemistry A},
    author = {Zhang, Xu and Chen, An and Zhang, Zihe and Jiao, Menggai and Zhou, Zhen},
    number = {24},
    month = {6},
    pages = {11446--11452},
    volume = {6},
    publisher = {Royal Society of Chemistry},
    url = {http://xlink.rsc.org/?DOI=C8TA03302A http://pubs.rsc.org/en/Content/ArticleLanding/2018/TA/C8TA03302A},
    doi = {10.1039/C8TA03302A},
    issn = {2050-7488}
}

@article{Yang2018UnveilingReaction,
    title = {{Unveiling the high-activity origin of single-atom iron catalysts for oxygen reduction reaction}},
    year = {2018},
    journal = {Proceedings of the National Academy of Sciences},
    author = {Yang, Liu and Cheng, Daojian and Xu, Haoxiang and Zeng, Xiaofei and Wan, Xin and Shui, Jianglan and Xiang, Zhonghua and Cao, Dapeng},
    number = {26},
    month = {6},
    pages = {6626--6631},
    volume = {115},
    publisher = {National Academy of Sciences},
    url = {http://www.ncbi.nlm.nih.gov/pubmed/29891686 http://www.pnas.org/lookup/doi/10.1073/pnas.1800771115},
    doi = {10.1073/pnas.1800771115},
    issn = {0027-8424},
    pmid = {29891686},
    keywords = {Fe-pyrrolic-N moieties, N-doped porous carbons, density-functional theory, oxygen reduction reaction, single-atomic iron catalysts}
}

@article{Li2015MolecularForces,
    title = {{Molecular Dynamics with On-the-Fly Machine Learning of Quantum-Mechanical Forces}},
    year = {2015},
    journal = {Physical Review Letters},
    author = {Li, Zhenwei and Kermode, James R. and De Vita, Alessandro},
    number = {9},
    month = {3},
    pages = {096405},
    volume = {114},
    publisher = {American Physical Society},
    url = {https://link.aps.org/doi/10.1103/PhysRevLett.114.096405},
    doi = {10.1103/PhysRevLett.114.096405},
    issn = {0031-9007}
}

@article{Bartok2010GaussianElectrons,
    title = {{Gaussian Approximation Potentials: The Accuracy of Quantum Mechanics, without the Electrons}},
    year = {2010},
    journal = {Physical Review Letters},
    author = {Bart{\'{o}}k, Albert P. and Payne, Mike C. and Kondor, Risi and Cs{\'{a}}nyi, Gábor},
    number = {13},
    month = {4},
    pages = {136403},
    volume = {104},
    publisher = {American Physical Society},
    url = {https://link.aps.org/doi/10.1103/PhysRevLett.104.136403},
    doi = {10.1103/PhysRevLett.104.136403},
    issn = {0031-9007}
}

@article{Artrith2012High-dimensionalCopper,
    title = {{High-dimensional neural network potentials for metal surfaces: A prototype study for copper}},
    year = {2012},
    journal = {Physical Review B},
    author = {Artrith, Nongnuch and Behler, Jörg},
    number = {4},
    month = {1},
    pages = {045439},
    volume = {85},
    publisher = {American Physical Society},
    url = {https://link.aps.org/doi/10.1103/PhysRevB.85.045439},
    doi = {10.1103/PhysRevB.85.045439},
    issn = {1098-0121}
}

@article{Behler2015ConstructingReview,
    title = {{Constructing high-dimensional neural network potentials: A tutorial review}},
    year = {2015},
    journal = {International Journal of Quantum Chemistry},
    author = {Behler, Jörg},
    number = {16},
    month = {8},
    pages = {1032--1050},
    volume = {115},
    publisher = {Wiley-Blackwell},
    url = {http://doi.wiley.com/10.1002/qua.24890},
    doi = {10.1002/qua.24890},
    issn = {00207608},
    keywords = {molecular dynamics, neural network potentials}
}

@article{Rupp2015MachineNutshellb,
    title = {{Machine learning for quantum mechanics in a nutshell}},
    year = {2015},
    journal = {International Journal of Quantum Chemistry},
    author = {Rupp, Matthias},
    number = {16},
    month = {8},
    pages = {1058--1073},
    volume = {115},
    publisher = {Wiley-Blackwell},
    url = {http://doi.wiley.com/10.1002/qua.24954},
    doi = {10.1002/qua.24954},
    issn = {00207608},
    keywords = {implementation, kernel ridge regression, machine learning, quantum chemistry, tutorial}
}

@article{Behler2014RepresentingPotentials,
    title = {{Representing potential energy surfaces by high-dimensional neural network potentials}},
    year = {2014},
    journal = {Journal of Physics: Condensed Matter},
    author = {Behler, J},
    number = {18},
    month = {5},
    pages = {183001},
    volume = {26},
    publisher = {IOP Publishing},
    url = {http://stacks.iop.org/0953-8984/26/i=18/a=183001?key=crossref.e2110f4e5f0e5ce5600d2eb9e27e4391},
    doi = {10.1088/0953-8984/26/18/183001},
    issn = {0953-8984}
}

@article{Handley2010PotentialNetworks,
    title = {{Potential Energy Surfaces Fitted by Artificial Neural Networks}},
    year = {2010},
    journal = {The Journal of Physical Chemistry A},
    author = {Handley, Chris M. and Popelier, Paul L. A.},
    number = {10},
    month = {3},
    pages = {3371--3383},
    volume = {114},
    publisher = { American Chemical Society},
    url = {http://pubs.acs.org/doi/abs/10.1021/jp9105585},
    doi = {10.1021/jp9105585},
    issn = {1089-5639}
}

@article{Manzhos2015NeuralSurfaces,
    title = {{Neural network-based approaches for building high dimensional and quantum dynamics-friendly potential energy surfaces}},
    year = {2015},
    journal = {International Journal of Quantum Chemistry},
    author = {Manzhos, Sergei and Dawes, Richard and Carrington, Tucker},
    number = {16},
    month = {8},
    pages = {1012--1020},
    volume = {115},
    url = {http://doi.wiley.com/10.1002/qua.24795},
    doi = {10.1002/qua.24795},
    issn = {00207608}
}

@article{Alred2018MachineNanotubes,
    title = {{Machine learning electron density in sulfur crosslinked carbon nanotubes}},
    year = {2018},
    journal = {Composites Science and Technology},
    author = {Alred, John M. and Bets, Ksenia V. and Xie, Yu and Yakobson, Boris I.},
    month = {3},
    publisher = {Elsevier},
    url = {https://www.sciencedirect.com/science/article/pii/S0266353817330300},
    doi = {10.1016/J.COMPSCITECH.2018.03.035},
    issn = {0266-3538}
}

@article{and2008BenchmarkMethods,
    title = {{Benchmark Data for Interactions in Zeolite Model Complexes and Their Use for Assessment and Validation of Electronic Structure Methods}},
    year = {2008},
    author = {and, Yan Zhao and Truhlar*, Donald G.},
    publisher = { American Chemical Society },
    url = {https://pubs-acs-org.stanford.idm.oclc.org/doi/full/10.1021/jp7112363},
    doi = {10.1021/JP7112363}
}

@article{Brockherde2017BypassingLearning,
    title = {{Bypassing the Kohn-Sham equations with machine learning}},
    year = {2017},
    journal = {Nature Communications},
    author = {Brockherde, Felix and Vogt, Leslie and Li, Li and Tuckerman, Mark E. and Burke, Kieron and M{\"{u}}ller, Klaus-Robert},
    number = {1},
    month = {12},
    pages = {872},
    volume = {8},
    publisher = {Nature Publishing Group},
    url = {http://www.nature.com/articles/s41467-017-00839-3},
    doi = {10.1038/s41467-017-00839-3},
    issn = {2041-1723},
    keywords = {Computational chemistry, Computational methods, Density functional theory, Electronic structure}
}

@article{He2017ImportanceElectrocatalystsb,
    title = {{Importance of Solvation for the Accurate Prediction of Oxygen Reduction Activities of Pt-Based Electrocatalysts}},
    year = {2017},
    journal = {The Journal of Physical Chemistry Letters},
    author = {He, Zheng-Da and Hanselman, Selwyn and Chen, Yan-Xia and Koper, Marc T. M. and Calle-Vallejo, Federico},
    number = {10},
    month = {5},
    pages = {2243--2246},
    volume = {8},
    publisher = {American Chemical Society},
    url = {http://pubs.acs.org/doi/10.1021/acs.jpclett.7b01018},
    doi = {10.1021/acs.jpclett.7b01018},
    issn = {1948-7185}
}

@article{Lotfi2014EffectStudy,
    title = {{Effect of metal doping, boron substitution and functional groups on hydrogen adsorption of MOF-5: A DFT-D study}},
    year = {2014},
    journal = {Computational and Theoretical Chemistry},
    author = {Lotfi, R. and Saboohi, Y.},
    month = {9},
    pages = {36--43},
    volume = {1044},
    publisher = {Elsevier},
    url = {https://www.sciencedirect.com/science/article/pii/S2210271X14002424},
    doi = {10.1016/J.COMPTC.2014.05.012},
    issn = {2210-271X}
}

@article{Vogiatzis2016SupplementaryCatalysis,
    title = {{Supplementary Information for Accelerated Computational Analysis of Metal-Organic Frameworks for Oxidation Catalysis}},
    year = {2016},
    author = {Vogiatzis, Konstantinos D and Haldoupis, Emmanuel and Xiao, Dianne J and Long, Jeffrey R and Siepmann, J Ilja and Gagliardi, Laura},
    url = {https://cdn-pubs.acs.org/doi/suppl/10.1021/acs.jpcc.6b07115/suppl_file/jp6b07115_si_001.pdf}
}

@article{Vogiatzis2016AcceleratedCatalysis,
    title = {{Accelerated Computational Analysis of Metal–Organic Frameworks for Oxidation Catalysis}},
    year = {2016},
    journal = {The Journal of Physical Chemistry C},
    author = {Vogiatzis, Konstantinos D. and Haldoupis, Emmanuel and Xiao, Dianne J. and Long, Jeffrey R. and Siepmann, J. Ilja and Gagliardi, Laura},
    number = {33},
    month = {8},
    pages = {18707--18712},
    volume = {120},
    publisher = {American Chemical Society},
    url = {http://pubs.acs.org/doi/10.1021/acs.jpcc.6b07115},
    doi = {10.1021/acs.jpcc.6b07115},
    issn = {1932-7447}
}

@article{Feng2012Zirconium-MetalloporphyrinCatalysts,
    title = {{Zirconium-Metalloporphyrin PCN-222: Mesoporous Metal-Organic Frameworks with Ultrahigh Stability as Biomimetic Catalysts}},
    year = {2012},
    journal = {Angewandte Chemie International Edition},
    author = {Feng, Dawei and Gu, Zhi-Yuan and Li, Jian-Rong and Jiang, Hai-Long and Wei, Zhangwen and Zhou, Hong-Cai},
    number = {41},
    month = {10},
    pages = {10307--10310},
    volume = {51},
    publisher = {Wiley-Blackwell},
    url = {http://doi.wiley.com/10.1002/anie.201204475},
    doi = {10.1002/anie.201204475},
    issn = {14337851},
    keywords = {biomimetic catalyst, mesoporous materials, metal‐organic frameworks, oxidation, zirconium}
}

@article{Ytreberg2006ComparisonSystems,
    title = {{Comparison of free energy methods for molecular systems}},
    year = {2006},
    journal = {The Journal of Chemical Physics},
    author = {Ytreberg, F. Marty and Swendsen, Robert H. and Zuckerman, Daniel M.},
    number = {18},
    month = {11},
    pages = {184114},
    volume = {125},
    publisher = {American Institute of Physics},
    url = {http://aip.scitation.org/doi/10.1063/1.2378907},
    isbn = {1089-7690},
    doi = {10.1063/1.2378907},
    issn = {0021-9606},
    pmid = {17115745},
    arxivId = {physics/0602088},
    keywords = {free energy, liquid structure, liquid theory, water}
}

@article{Man2011UniversalitySurfaces,
    title = {{Universality in Oxygen Evolution Electrocatalysis on Oxide Surfaces}},
    year = {2011},
    journal = {ChemCatChem},
    author = {Man, Isabela C. and Su, Hai-Yan and Calle-Vallejo, Federico and Hansen, Heine A. and Mart{\'{i}}nez, José I. and Inoglu, Nilay G. and Kitchin, John and Jaramillo, Thomas F. and N{\o}rskov, Jens K. and Rossmeisl, Jan},
    number = {7},
    month = {7},
    pages = {1159--1165},
    volume = {3},
    publisher = {Wiley-Blackwell},
    url = {http://doi.wiley.com/10.1002/cctc.201000397},
    doi = {10.1002/cctc.201000397},
    issn = {18673880},
    keywords = {density functional calculations, electrochemistry, electron transfer, heterogeneous catalysis, oxygen}
}

@misc{She2017CombiningDesign,
    title = {{Combining theory and experiment in electrocatalysis: Insights into materials design}},
    year = {2017},
    booktitle = {Science},
    author = {She, Zhi Wei and Kibsgaard, Jakob and Dickens, Colin F and Chorkendorff, Ib and N{\o}rskov, Jens K and Jaramillo, Thomas F},
    number = {6321},
    month = {1},
    pages = {eaad4998},
    volume = {355},
    publisher = {American Association for the Advancement of Science},
    url = {http://www.ncbi.nlm.nih.gov/pubmed/28082532 http://www.sciencemag.org/lookup/doi/10.1126/science.aad4998},
    isbn = {1095-9203 (Electronic){\textbackslash}r0036-8075 (Linking)},
    doi = {10.1126/science.aad4998},
    issn = {10959203},
    pmid = {28082532}
}

@article{Gani2018UnderstandingOc,
    title = {{Understanding and Breaking Scaling Relations in Single-Site Catalysis: Methane to Methanol Conversion by Fe <sup>IV</sup> ═O}},
    year = {2018},
    journal = {ACS Catalysis},
    author = {Gani, Terry Z. H. and Kulik, Heather J.},
    number = {2},
    month = {2},
    pages = {975--986},
    volume = {8},
    publisher = {American Chemical Society},
    url = {http://pubs.acs.org/doi/10.1021/acscatal.7b03597},
    doi = {10.1021/acscatal.7b03597},
    issn = {2155-5435},
    keywords = {catalyst design, density functional theory, high-throughput screening, iron-oxo, linear scaling relations, methane activation, minimal models, single-site catalysis}
}

@article{Calle-Vallejo2015IntroducingNumbers,
    title = {{Introducing structural sensitivity into adsorption–energy scaling relations by means of coordination numbers}},
    year = {2015},
    journal = {Nature Chemistry},
    author = {Calle-Vallejo, Federico and Loffreda, David and Koper, Marc T. M. and Sautet, Philippe},
    number = {5},
    month = {5},
    pages = {403--410},
    volume = {7},
    publisher = {Nature Publishing Group},
    url = {http://www.nature.com/articles/nchem.2226},
    isbn = {1755-4330},
    doi = {10.1038/nchem.2226},
    issn = {1755-4330},
    pmid = {25901818},
    keywords = {Heterogeneous catalysis}
}

@article{Calle-Vallejo2013OxygenProtoporphyrinsb,
    title = {{Oxygen reduction and evolution at single-metal active sites: Comparison between functionalized graphitic materials and protoporphyrins}},
    year = {2013},
    journal = {Surface Science},
    author = {Calle-Vallejo, F. and Mart{\'{i}}nez, J.I. and Garc{\'{i}}a-Lastra, J.M. and Abad, E. and Koper, M.T.M.},
    month = {1},
    pages = {47--53},
    volume = {607},
    publisher = {North-Holland},
    url = {https://www.sciencedirect.com/science/article/pii/S0039602812002944},
    doi = {10.1016/J.SUSC.2012.08.005},
    issn = {0039-6028}
}

@article{Hansen2014PracticalReview,
    title = {{Practical Aspects of Free-Energy Calculations: A Review}},
    year = {2014},
    journal = {Journal of Chemical Theory and Computation},
    author = {Hansen, Niels and van Gunsteren, Wilfred F.},
    number = {7},
    month = {7},
    pages = {2632--2647},
    volume = {10},
    publisher = {American Chemical Society},
    url = {http://pubs.acs.org/doi/10.1021/ct500161f},
    isbn = {1549-9618},
    doi = {10.1021/ct500161f},
    issn = {1549-9618}
}

@article{Karlberg2006AdsorptionSurfaces,
    title = {{Adsorption trends for water, hydroxyl, oxygen, and hydrogen on transition-metal and platinum-skin surfaces}},
    year = {2006},
    journal = {Physical Review B},
    author = {Karlberg, G. S.},
    number = {15},
    month = {10},
    pages = {153414},
    volume = {74},
    publisher = {American Physical Society},
    url = {https://link.aps.org/doi/10.1103/PhysRevB.74.153414},
    isbn = {1098-0121},
    doi = {10.1103/PhysRevB.74.153414},
    issn = {1098-0121}
}

@article{Ren2012BiomolecularPerspective,
    title = {{Biomolecular electrostatics and solvation: a computational perspective}},
    year = {2012},
    journal = {Quarterly Reviews of Biophysics},
    author = {Ren, Pengyu and Chun, Jaehun and Thomas, Dennis G and Schnieders, Michael J and Marucho, Marcelo and Zhang, Jiajing and Baker, Nathan A},
    number = {04},
    month = {11},
    pages = {427--491},
    volume = {45},
    publisher = {NIH Public Access},
    url = {http://www.ncbi.nlm.nih.gov/pubmed/23217364 http://www.pubmedcentral.nih.gov/articlerender.fcgi?artid=PMC3533255 http://www.journals.cambridge.org/abstract_S003358351200011X},
    isbn = {0033-5835},
    doi = {10.1017/S003358351200011X},
    issn = {0033-5835},
    pmid = {23217364}
}

@incollection{RossmeislElectrocatalysisCalculations,
    title = {{Electrocatalysis and Catalyst Screening from Density Functional Theory Calculations}},
    booktitle = {Fuel Cell Catalysis},
    author = {Rossmeisl, J. and Greeley, J. and Karlberg, G.S.},
    pages = {57--92},
    publisher = {John Wiley {\&} Sons, Inc.},
    url = {http://doi.wiley.com/10.1002/9780470463772.ch3},
    address = {Hoboken, NJ, USA},
    doi = {10.1002/9780470463772.ch3},
    keywords = {catalytic activity and oxygen reduction reaction, computational electrocatalyst screening, electrocatalysis and catalyst screening}
}

@article{Zhao2011NewWater.,
    title = {{New theoretical method for rapid prediction of solvation free energy in water.}},
    year = {2011},
    journal = {The journal of physical chemistry. B},
    author = {Zhao, Shuangliang and Jin, Zhehui and Wu, Jianzhong},
    number = {21},
    month = {6},
    pages = {6971--5},
    volume = {115},
    publisher = {NIH Public Access},
    url = {http://www.ncbi.nlm.nih.gov/pubmed/21557595 http://www.pubmedcentral.nih.gov/articlerender.fcgi?artid=PMC3125112},
    doi = {10.1021/jp201949k},
    issn = {1520-5207},
    pmid = {21557595}
}

@article{Kumar1992THEMethod,
    title = {{THE weighted histogram analysis method for free‐energy calculations on biomolecules. I. The method}},
    year = {1992},
    journal = {Journal of Computational Chemistry},
    author = {Kumar, Shankar and Rosenberg, John M. and Bouzida, Djamal and Swendsen, Robert H. and Kollman, Peter A.},
    number = {8},
    month = {10},
    pages = {1011--1021},
    volume = {13},
    publisher = {Wiley-Blackwell},
    url = {http://doi.wiley.com/10.1002/jcc.540130812},
    isbn = {1096-987X},
    doi = {10.1002/jcc.540130812},
    issn = {1096987X},
    pmid = {166},
    arxivId = {NIHMS150003}
}

@article{Tripkovic2010TheCalculationsb,
    title = {{The oxygen reduction reaction mechanism on Pt(111) from density functional theory calculations}},
    year = {2010},
    journal = {Electrochimica Acta},
    author = {Tripkovi{\'{c}}, Vladimir and Sk{\'{u}}lason, Egill and Siahrostami, Samira and N{\o}rskov, Jens K. and Rossmeisl, Jan},
    number = {27},
    month = {11},
    pages = {7975--7981},
    volume = {55},
    publisher = {Pergamon},
    url = {https://www.sciencedirect.com/science/article/pii/S0013468610003178?via%3Dihub http://linkinghub.elsevier.com/retrieve/pii/S0013468610003178},
    isbn = {0013-4686},
    doi = {10.1016/j.electacta.2010.02.056},
    issn = {00134686},
    keywords = {DFT, Oxygen reduction reaction, Pt, Reaction mechanism}
}

@article{Horn2004DevelopmentTIP4P-Ew,
    title = {{Development of an improved four-site water model for biomolecular simulations: TIP4P-Ew}},
    year = {2004},
    journal = {The Journal of Chemical Physics},
    author = {Horn, Hans W. and Swope, William C. and Pitera, Jed W. and Madura, Jeffry D. and Dick, Thomas J. and Hura, Greg L. and Head-Gordon, Teresa},
    number = {20},
    month = {5},
    pages = {9665--9678},
    volume = {120},
    publisher = {American Institute of Physics},
    url = {http://aip.scitation.org/doi/10.1063/1.1683075},
    isbn = {0021-9606; 0021-9606},
    doi = {10.1063/1.1683075},
    issn = {0021-9606},
    pmid = {15267980},
    keywords = {enthalpy, molecular biophysics, polarisability, potential energy functions, self-diffusion, solvation, water}
}

@article{Siahrostami2017TrendsNanotubes,
    title = {{Trends in Adsorption Energies of the Oxygenated Species on Single Platinum Atom Embedded in Carbon Nanotubes}},
    year = {2017},
    journal = {Catalysis Letters},
    author = {Siahrostami, Samira and Li, Guo-Ling and N{\o}rskov, Jens K. and Studt, Felix},
    number = {11},
    month = {11},
    pages = {2689--2696},
    volume = {147},
    publisher = {Springer US},
    url = {http://link.springer.com/10.1007/s10562-017-2200-8},
    isbn = {0123456789},
    doi = {10.1007/s10562-017-2200-8},
    issn = {1011-372X},
    keywords = {Oxygen reduction reaction, Pt-doped at single and dobule vacancy, Single wall carbon nanotube (SWCNT)}
}

@article{Lions2017InsightsFramework,
    title = {{Insights into the mechanism of electrocatalysis of the oxygen reduction reaction by a porphyrinic metal organic framework}},
    year = {2017},
    journal = {Chemical Communications},
    author = {Lions, M. and Tommasino, J.-B. and Chattot, R. and Abeykoon, B. and Guillou, N. and Devic, T. and Demessence, A. and Cardenas, L. and Maillard, F. and Fateeva, A.},
    number = {48},
    month = {6},
    pages = {6496--6499},
    volume = {53},
    publisher = {Royal Society of Chemistry},
    url = {http://xlink.rsc.org/?DOI=C7CC02113E},
    doi = {10.1039/C7CC02113E},
    issn = {1359-7345}
}

@article{Minenkov2016TroublesMethods,
    title = {{Troubles in the Systematic Prediction of Transition Metal Thermochemistry with Contemporary Out-of-the-Box Methods}},
    year = {2016},
    journal = {Journal of Chemical Theory and Computation},
    author = {Minenkov, Yury and Chermak, Edrisse and Cavallo, Luigi},
    number = {4},
    month = {4},
    pages = {1542--1560},
    volume = {12},
    url = {https://pubs.acs.org/sharingguidelines http://pubs.acs.org/doi/10.1021/acs.jctc.5b01163},
    doi = {10.1021/acs.jctc.5b01163},
    issn = {1549-9618},
    pmid = {27002380}
}

@article{Bucko2010ImprovedCorrections,
    title = {{Improved Description of the Structure of Molecular and Layered Crystals: Ab Initio DFT Calculations with van der Waals Corrections}},
    year = {2010},
    journal = {The Journal of Physical Chemistry A},
    author = {Bučko, Tomáš and Hafner, Jürgen and Lebègue, Sébastien and Ángyán, János G.},
    number = {43},
    month = {11},
    pages = {11814--11824},
    volume = {114},
    publisher = { American Chemical Society},
    url = {http://pubs.acs.org/doi/abs/10.1021/jp106469x},
    doi = {10.1021/jp106469x},
    issn = {1089-5639}
}

@article{Harvey2006OnChemistry,
    title = {{On the accuracy of density functional theory in transition metal chemistry}},
    year = {2006},
    journal = {Annual Reports Section "C" (Physical Chemistry)},
    author = {Harvey, Jeremy N.},
    number = {0},
    month = {8},
    pages = {203},
    volume = {102},
    publisher = {Royal Society of Chemistry},
    url = {http://xlink.rsc.org/?DOI=b419105f},
    doi = {10.1039/b419105f},
    issn = {0260-1826}
}

@article{Ioannidis2017Ligand-Field-DependentOrdering,
    title = {{Ligand-Field-Dependent Behavior of Meta-GGA Exchange in Transition-Metal Complex Spin-State Ordering}},
    year = {2017},
    journal = {The Journal of Physical Chemistry A},
    author = {Ioannidis, Efthymios I. and Kulik, Heather J.},
    number = {4},
    month = {2},
    pages = {874--884},
    volume = {121},
    publisher = {American Chemical Society},
    url = {http://pubs.acs.org/doi/10.1021/acs.jpca.6b11930},
    doi = {10.1021/acs.jpca.6b11930},
    issn = {1089-5639}
}

@article{MallikarjunSharada2017SBH10:Surfaces,
    title = {{SBH10: A Benchmark Database of Barrier Heights on Transition Metal Surfaces}},
    year = {2017},
    journal = {The Journal of Physical Chemistry C},
    author = {Mallikarjun Sharada, Shaama and Bligaard, Thomas and Luntz, Alan C. and Kroes, Geert-Jan and N{\o}rskov, Jens K.},
    number = {36},
    month = {9},
    pages = {19807--19815},
    volume = {121},
    publisher = {American Chemical Society},
    url = {http://pubs.acs.org/doi/10.1021/acs.jpcc.7b05677},
    doi = {10.1021/acs.jpcc.7b05677},
    issn = {1932-7447}
}

@article{Ghosh2018CombiningStates,
    title = {{Combining Wave Function Methods with Density Functional Theory for Excited States}},
    year = {2018},
    journal = {Chemical Reviews},
    author = {Ghosh, Soumen and Verma, Pragya and Cramer, Christopher J. and Gagliardi, Laura and Truhlar, Donald G.},
    number = {15},
    month = {8},
    pages = {7249--7292},
    volume = {118},
    publisher = {American Chemical Society},
    url = {http://pubs.acs.org/doi/10.1021/acs.chemrev.8b00193},
    doi = {10.1021/acs.chemrev.8b00193},
    issn = {0009-2665}
}

@article{Goodpaster2016IdentificationModel,
    title = {{Identification of Possible Pathways for C–C Bond Formation during Electrochemical Reduction of CO 2 : New Theoretical Insights from an Improved Electrochemical Model}},
    year = {2016},
    journal = {The Journal of Physical Chemistry Letters},
    author = {Goodpaster, Jason D. and Bell, Alexis T. and Head-Gordon, Martin},
    number = {8},
    month = {4},
    pages = {1471--1477},
    volume = {7},
    publisher = {American Chemical Society},
    url = {http://pubs.acs.org/doi/10.1021/acs.jpclett.6b00358},
    isbn = {1948-7185},
    doi = {10.1021/acs.jpclett.6b00358},
    issn = {1948-7185},
    pmid = {27045040}
}

@article{Li2018ZeoliteForceb,
    title = {{Zeolite Adsorption Free Energies from ab Initio Potentials of Mean Force}},
    year = {2018},
    journal = {Journal of Chemical Theory and Computation},
    author = {Li, Hui and Paolucci, Christopher and Schneider, William F.},
    number = {2},
    month = {2},
    pages = {929--938},
    volume = {14},
    publisher = {American Chemical Society},
    url = {http://pubs.acs.org/doi/10.1021/acs.jctc.7b00716},
    doi = {10.1021/acs.jctc.7b00716},
    issn = {1549-9618}
}

@article{Zagal2016ReactivityReaction,
    title = {{Reactivity Descriptors for the Activity of Molecular MN4 Catalysts for the Oxygen Reduction Reaction}},
    year = {2016},
    journal = {Angewandte Chemie International Edition},
    author = {Zagal, José H. and Koper, Marc T. M.},
    number = {47},
    month = {11},
    pages = {14510--14521},
    volume = {55},
    publisher = {Wiley-Blackwell},
    url = {http://doi.wiley.com/10.1002/anie.201604311},
    doi = {10.1002/anie.201604311},
    issn = {14337851},
    pmid = {27666439},
    keywords = {active sites, molecular MN4 catalysts, oxygen reduction, reactivity descriptors, volcano correlations}
}