@article{dummy9999,
author = {Smith, Andrew and John Smith},
doi = {10.1021/acs.jpcc.7b02383},
file = {:C$\backslash$:/Users/raul{\_}desktop/Dropbox/01{\_}norskov/02{\_}lit{\_}refs/01{\_}projects/04{\_}irox{\_}ml{\_}oer{\_}tmp/18{\_}acs.jpcc.7b02383.pdf:pdf},
number = {110},
title = {{TEMP title}},
volume = {1},
year = {9999}
}
